2438 3848
241 161 585 210 annnracnmanrcou
607 162 675 212 nra.
699 163 721 212 r.
745 163 820 236 cnr.
844 163 970 213 v-vrr.
1091 154 1129 234 17

81 311 173 376 eunte
196 325 292 376 autem
317 326 379 377 toto
403 319 517 394 agmine
532 317 710 378 lectissimos
735 336 868 397 quosque
890 318 1022 379 retinuit:
1046 322 1128 382 etita

83 400 196 478 passim
217 402 296 461 circa
315 402 452 480 praedam
471 412 632 480 occupatos
655 403 775 478 hostes,
799 404 854 463 iam
869 404 955 462 etiam
977 403 1126 480 fatigatos,

83 484 151 563 ipse
166 486 309 563 requietis
321 493 351 544 et
364 486 502 546 ordinatis
515 489 575 546 suis
594 489 754 564 adgressus
769 487 842 546 ludit
858 488 996 565 exuitque
1006 483 1126 565 praeda.

169 570 200 628 4.
228 567 292 628 Boii
311 571 339 629 in
353 569 427 629 silva
442 569 557 646 Litana,
581 589 638 650 qna
653 573 823 632 transiturus
840 580 903 631 erat
923 579 1024 630 noster
1040 590 1126 630 exer-

84 653 178 728 citus,
199 653 384 712 succiderant
399 653 522 713 arbores
537 656 586 732 ita,
608 664 640 714 ut
659 674 697 716 ex
720 664 804 733 parte
822 657 928 732 exigua
947 664 1128 715 sustentatae

84 746 213 812 starent,
237 737 331 797 donec
353 738 587 815 impellerentur;
609 739 782 800 delituerant
798 739 902 798 deinde
917 740 953 800 ad
970 749 1126 800 extremas.

82 820 143 899 lpsi
168 820 234 897 ubi,
262 823 397 899 ingresso
420 822 523 882 silvam
546 823 647 900 hoste,
677 827 705 882 in
731 825 878 902 proximas
898 824 1055 884 ulteriores
1077 825 1127 882 im·

83 904 239 983 pularunt,
268 923 305 965 eo
328 906 416 966 modo
439 918 602 985 propagata
623 911 733 988 pariter
756 926 844 986 supra
866 907 1012 969 Romanos
1035 910 1127 984 ruina,

82 1006 217 1066 magnam
237 1008 349 1049 manum
371 991 522 1049 eliserunt.

479 1156 630 1219 CAPUT
658 1157 733 1218 Vll.

82 1288 362 1348 QUEMADMODUM
379 1290 441 1357 En,
463 1289 589 1350 QUIBUS
610 1287 817 1353 DEFICIMUR,
836 1286 1040 1336 VIDEAN'I'UR
1056 1287 1129 1336 NON

250 1373 383 1422 Duussu
390 1410 399 1440 ,
416 1375 485 1421 AUT
500 1373 583 1422 USUS
600 1372 722 1421 EORUM
739 1371 958 1421 EXPLEA'I'UR.

173 1495 200 1551 l.
245 1491 276 1556 L.
294 1491 442 1554 Caecilius
461 1493 616 1570 Metellus,
638 1495 705 1573 quia
727 1512 780 1553 usu
799 1495 928 1569 navium,
945 1493 1048 1571 quibos
1068 1494 1129 1554 cle-

83 1576 211 1656 pbantos
232 1584 463 1656 transportaret,
487 1577 689 1655 deficiebatur,
713 1579 803 1638 iunxit
818 1578 896 1637 dolia
912 1579 1130 1655 constravitque

82 1660 297 1738 tabulamentis,
317 1680 351 1721 ac
366 1680 457 1741 super
468 1680 502 1728 ea
513 1664 626 1741 positos
640 1681 693 1742 per
705 1663 832 1722 Siculum
848 1662 953 1721 fretum
964 1663 1130 1721 transmisit.

172 1744 202 1804 2.
235 1745 394 1821 Hannibal,
414 1764 477 1805 eum
494 1748 521 1805 in
538 1747 660 1826 praealti
679 1746 801 1806 lluminis
817 1748 966 1805 transitum
990 1745 1128 1823 elephan-

84 1839 132 1889 tos
154 1847 212 1889 non
240 1839 344 1909 posset
366 1831 565 1908 compellere,
592 1848 688 1909 neque
715 1832 830 1890 navium
857 1847 913 1888 nee
934 1831 1128 1903 materiarum,

85 1912 192 1992 quibus
213 1923 296 1973 rates
315 1922 559 1992 contexerentur,
589 1917 704 1992 copiam
727 1912 867 1987 haberet,
896 1914 979 1971 iussit
1006 1913 1129 1971 ferocis·

84 1999 188 2056 simum
210 1996 396 2076 elephantum
416 1998 470 2059 sub
490 2017 559 2060 aure
581 1999 726 2059 vulnerari
750 2005 779 2056 et
802 2014 885 2069 eam,
909 1997 957 2073 qui
980 1996 1129 2054 vulneras·

85 2090 151 2157 set,
187 2091 335 2142 transnato
358 2084 459 2143 statim
484 2083 600 2143 flumine
631 2099 818 2159 procurrere.
874 2077 1055 2155 Elephantns
1079 2097 1129 2136 ex-

86 2126 242 2243 asperatus
271 2166 308 2226 ad
337 2168 572 2246 persequendum
597 2166 708 2226 doloris
731 2167 774 2224 sui
799 2172 949 2223 auctorem
972 2164 1131 2257 transnavit

86 2267 217 2326 amnem,
241 2259 271 2309 et
292 2250 414 2329 reliquis
433 2252 511 2311 idem
533 2251 657 2311 audendi
679 2250 750 2309 lecit
768 2248 943 2326 exemplum

171 2334 202 2396 3.
247 2331 527 2412 Carthaginiensium
561 2336 651 2395 duces
683 2334 850 2393 instructori
885 2332 1028 2408 classem,
1063 2333 1186 2410 quius,

86 2426 190 2495 sparto
219 2417 444 2496 deliciabantur,
481 2418 607 2479 crinibus
635 2429 782 2479 tonsarum
804 2418 955 2477 mulierum
984 2416 1019 2476 ad
1046 2417 1130 2477 funes

86 2501 263 2563 alliciendos
286 2504 332 2561 usi
354 2511 429 2562 sunt.

170 2587 202 2648 4.
246 2586 326 2646 ldem
348 2585 548 2646 Massilienses
568 2595 597 2646 et
618 2585 725 2646 Rhodii
747 2585 892 2645 lecerunt.

171 2670 201 2730 5.
246 2668 284 2731 bl
305 2669 465 2747 monins,
488 2670 635 2732 allutina
656 2670 814 2749 prologus,
838 2670 966 2729 cortices
989 2685 1043 2746 pro
1065 2685 1130 2728 sco-

85 2754 121 2813 tis
143 2753 285 2815 militibus
307 2757 368 2814 suis
388 2754 476 2815 dedit.

171 2839 201 2900 6.
248 2839 391 2917 Spartaco
418 2841 571 2918 copiisque
600 2841 662 2900 eius
691 2845 774 2898 scuta
803 2856 841 2896 ex
867 2837 972 2897 vimine
1001 2837 1128 2913 luerunt,
1157 2906 1161 2912 .

85 2939 164 3000 quae
189 2924 278 2983 coriis
301 2922 485 2999 tegebantur.

172 3009 202 3068 7.
234 3005 312 3071 Non
333 3007 462 3083 alienus,
490 3016 520 3066 nt
544 3005 686 3083 arbitror,
712 3005 760 3065 hic
781 3005 866 3065 locus
890 3014 952 3080 est,
981 3002 1132 3064 relerendi

85 3089 195 3150 factum
222 3089 383 3151 Alexandri
409 3089 577 3152 Macedonis
600 3090 672 3150 illud
695 3090 812 3165 nobile,
839 3089 904 3167 qui,
932 3106 987 3167 per
1013 3088 1132 3147 deserta

85 3174 206 3235 dlrieae
225 3175 329 3234 itinera
343 3176 515 3252 gravissima
533 3175 661 3234 silicum
679 3175 811 3234 exercitu
831 3172 981 3247 adlectus,
1005 3172 1133 3231 oblatam

85 3258 141 3317 sibi
168 3259 297 3318 amilite
324 3260 354 3317 in
379 3259 466 3336 galea
494 3277 598 3338 aquam
624 3257 823 3337 spectantibus
847 3258 992 3316 universis
1014 3256 1131 3320 effuditt

85 3343 185 3402 utilior
208 3343 346 3422 exemplo
372 3344 600 3421 temperantiae,
629 3359 714 3421 quam
744 3343 768 3402 si
792 3342 1005 3403 communicare
1032 3348 1133 3418 potum

84 3426 239 3487 voluisset.

127 3547 249 3590 raons.
273 3546 416 3610 arear„
937 3522 967 3578 ‘2
