2438 3848
119 159 177 222 108
444 169 520 218 sax.
541 121 630 217 ruuu
651 167 821 217 raourrru

117 336 173 388 εει.
217 326 328 386 Unciae
355 342 426 402 ergo
452 324 586 384 modulus
616 323 705 382 habet
727 322 858 384 diametri
880 321 1009 399 digitum.
1023 341 1111 383 unum
1131 334 1161 383 et

116 414 250 472 trientem
272 411 366 488 digiti3
391 409 469 487 capit
491 409 648 487 quinariam
667 417 697 466 et
712 409 778 486 plns
794 408 942 486 quinariae
956 411 1078 484 octava,
1101 409 1161 468 hoc

118 506 164 556 est
185 496 338 556 sescuncia
361 494 508 572 quinariae
534 501 563 552 et
585 492 721 570 scripulis
744 492 836 551 tribus
861 501 889 551 et
912 490 1001 551 besse
1025 493 1157 570 scripuli.

117 579 233 657 Digitus
255 579 427 657 quadratus,
449 578 477 635 iu
500 577 652 636 rotundum
674 575 830 650 redactus,
852 574 940 634 habet
962 577 1094 636 diametri
1117 578 1158 637 di·

116 665 206 741 gitum
227 682 311 722 unum
334 672 363 721 et
385 661 466 737 digiti
487 663 685 735 sescunciam,
710 659 868 737 scripulum
876 680 884 732 ;
909 661 988 737 capit
1009 663 1159 739 quinariae

117 748 305 820 dodrantem,
333 744 525 819 semunciam,
554 745 706 803 sicilicum.
754 744 870 820 Digitus
899 745 1039 805 rotundus
1069 745 1159 804 habet

116 831 248 892 diametri
275 830 393 907 digitum
417 846 516 897 unum;
547 830 625 907 capit
653 830 801 908 quinariae
824 836 1012 907 septuncem,
1042 848 1158 888 semun-

116 917 207 990 ciam,
231 915 382 974 sextulam.

186 959 252 1058 ⁹27.
298 997 435 1057 Ceterum
463 997 589 1070 moduli,
616 995 664 1074 qui
689 996 854 1074 aquinaria
874 996 1018 1072 oriuntur,
1044 996 1159 1056 duobus
1201 991 1212 1000 ⁹

116 1082 275 1159 generibus
296 1085 503 1142 incrementum
526 1082 680 1158 accipiunt
725 1079 778 1139 Est
797 1099 901 1155 unum,
925 1099 989 1140 cum
1006 1083 1071 1159 ipsa
1086 1081 1158 1141 mul·

115 1168 281 1245 tiplioatnr,
303 1168 332 1226 id
356 1176 401 1227 est
420 1168 524 1227 eodem
539 1166 644 1224 lumine
666 1164 767 1242 plures
789 1167 939 1244 quinariae
956 1167 1156 1232 includuntur;

115 1253 145 1310 in
167 1251 270 1330 quihus
289 1252 447 1311 secundum
469 1251 662 1311 adiectionem
682 1250 874 1326 quinariarum
896 1250 1054 1327 amplitudo
1077 1251 1158 1308 lumi·

115 1337 160 1394 uis
184 1338 300 1396 crescit.
345 1335 400 1396 Est
421 1346 514 1396 autem
536 1334 601 1393 fere
616 1343 683 1392 tunc
703 1334 731 1391 in
749 1351 821 1407 usu,
846 1351 910 1392 cum
932 1333 1033 1411 plures
1058 1336 1158 1413 quina·

115 1422 193 1494 riae,
214 1422 276 1479 iure
292 1421 464 1497 impetratae
485 1437 579 1496 aquae
600 1437 636 1476 ne
652 1418 680 1476 in
696 1417 750 1476 viis
773 1418 891 1495 saepius
912 1418 1160 1478 convulnerentur

115 1503 246 1577 fistulae,
270 1505 325 1562 nnai
348 1504 442 1562 fistula
466 1503 648 1580 excipiuntur
666 1503 693 1560 in
717 1501 885 1578 castellum,
909 1521 947 1560 ex
965 1519 1023 1580 quo
1049 1503 1160 1580 singuli

117 1605 198 1645 sunm
220 1587 334 1645 modum
356 1587 509 1664 recipiunt.
555 1584 639 1664 (28.)
664 1585 796 1644 Alterum
816 1604 910 1662 genus
933 1595 996 1661 est,
1021 1590 1159 1664 quotiens

115 1687 173 1728 non
202 1670 237 1729 ad
266 1671 457 1748 quinariarum
481 1672 686 1728 necessitatem
714 1669 809 1728 fistula
837 1671 1044 1731 incrementum
1068 1673 1158 1750 capit,

116 1756 168 1814 sed
189 1755 224 1814 ad
247 1753 378 1813 diametri
401 1755 445 1813 sui
466 1772 644 1813 mensuram:
668 1754 826 1813 secundum
846 1755 924 1832 quod
945 1765 974 1814 et
987 1772 1094 1814 nornen
1110 1769 1165 1817 rac-⁴

116 1839 186 1916 cipit
214 1847 243 1897 et
266 1841 456 1916 capacitatem
477 1839 604 1915 ampliat.
650 1836 688 1896 Ut
709 1847 779 1916 puta
802 1841 945 1915 quinaria,
970 1846 1040 1900 cum
1059 1840 1158 1901 adiec-

114 1930 161 1982 tus
183 1932 228 1982 est
256 1925 282 1982 ei
310 1923 347 1983 ad
365 1923 534 1983 diametrum
557 1923 718 2000 quadrans,
747 1924 889 1982 senariam
910 1923 996 1983 facit:
1017 1941 1081 1982 nec
1102 1924 1159 1984 iarn

115 2007 145 2066 in
171 2008 296 2066 solidum
319 2011 510 2086 capacitatem
532 2007 664 2083 ampliat;
695 2007 772 2084 capit
794 2009 870 2066 enim
883 2006 1047 2084 quinariam
1072 2025 1158 2067 unam

115 2100 145 2151 ει
157 2095 363 2171 quincuncem,
376 2093 527 2151 sicilicum.
572 2090 609 2150 Et
621 2090 761 2168 deinceps
774 2091 877 2151 eadem
888 2093 1000 2151 ratione
1015 2092 1158 2169 quadran-

114 2176 192 2235 tibus
214 2177 353 2236 diametro
373 2177 509 2251 adiectis,
534 2185 668 2275 utsupra
685 2175 791 2234 dictum
814 2184 875 2253 est,
900 2184 1036 2236 crescunt
1057 2184 1158 2255 septe·

114 2261 210 2335 naria,
233 2261 398 2333 octonaria,
422 2277 514 2336 usque
538 2259 573 2319 ad
593 2260 780 2319 vicenariam.

199 2342 249 2402 29.
289 2341 483 2418 Subsequitur
503 2343 560 2402 illa
572 2345 664 2419 ratio,
686 2361 761 2421 quae
785 2351 954 2402 constater
975 2361 1096 2404 numero
1115 2293 1157 2404 di·

114 2426 240 2501 gitorum
267 2425 489 2503 quadratorum,
519 2428 567 2502 qui
602 2445 687 2502 area,
724 2426 752 2486 id
783 2437 828 2486 est
855 2426 1008 2503 lumine,
1014 2430 1157 2507 cuiusque

114 2509 223 2568 moduli
240 2512 438 2575 continentur;
457 2528 472 2569 a
495 2510 600 2588 quibus
613 2520 641 2569 et
659 2527 765 2569 nomen
780 2510 893 2570 listulae
910 2513 1071 2590 accipiunt:
1092 2531 1158 2573 nam

114 2611 190 2672 quae
211 2593 299 2653 habet
318 2611 424 2669 areae,
447 2594 475 2652 id
495 2603 540 2652 est
556 2595 669 2653 luminis
690 2596 718 2653 in
737 2595 889 2654 rotundum
913 2598 1024 2671 coacti,
1047 2596 1158 2674 digitos

114 2678 272 2757 quadratos
293 2678 393 2754 viginti
416 2680 557 2756 quinque,
581 2680 715 2738 vicenum
738 2680 853 2756 quinum
877 2679 1055 2757 adpellatur:
1079 2683 1157 2740 simi·

114 2763 181 2822 liter
193 2764 363 2838 tricenaria,
388 2772 416 2821 et
428 2763 568 2840 deinceps
582 2781 635 2840 per
645 2765 852 2824 incrementum
865 2763 1018 2839 digitorum
1034 2764 1158 2843 quadra-

112 2854 208 2906 torum
216 2867 318 2946 'usque
337 2848 372 2907 ad
385 2857 538 2906 centenum
553 2848 694 2906 vicenum.
740 2847 824 2926 (39.)
844 2845 875 2904 ln
887 2849 1035 2908 vicenaria
1048 2848 1157 2924 fistula,

115 2949 189 3008 quae
214 2933 242 2991 in
270 2932 393 2991 confinio
413 2932 563 3009 utriusque
584 2933 704 2990 rationis
732 2932 827 3007 posita
851 2941 911 3006 est,
935 2941 1058 3010 utraque
1081 2934 1157 2993 ratio

114 3031 209 3092 paene
234 3017 377 3091 congruit.
422 3014 495 3074 Nam
521 3015 609 3074 habet
632 3016 789 3074 secundum
812 3033 875 3076 earn
897 3018 1159 3099 computationem,

115 3115 190 3175 quae
218 3100 245 3157 in
275 3098 514 3158 antecedentibus
540 3100 664 3159 modulis
693 3100 837 3160 servanda
865 3108 925 3175 est,
956 3102 984 3159 in
1014 3093 1159 3161 diametro

113 3181 288 3258 quadrantes
305 3183 425 3258 viginti,
449 3201 514 3242 cum
531 3184 664 3244 diametri
684 3182 813 3243 eiusdem
835 3184 916 3261 digiti
933 3187 1059 3263 quinque
1082 3188 1155 3245 sint:

112 3273 142 3324 ει
165 3266 323 3325 secundum
347 3282 446 3324 eorum
472 3268 653 3327 modulorum
674 3271 834 3344 rationem,
865 3270 912 3346 qui
935 3279 1096 3347 sequuntur
1120 3269 1157 3330 ad

112 3367 193 3426 earn,
215 3349 303 3409 habet
324 3349 478 3426 digitorum
499 3352 702 3429 quadratorum
723 3355 830 3429 exiguo
850 3356 942 3412 minus
963 3355 1076 3430 viginti.

198 3433 249 3495 31.
292 3433 377 3495 Ratio
406 3435 565 3495 fistularum
592 3433 785 3514 quinariarum
814 3456 907 3516 usque
936 3438 972 3498 ad
1002 3447 1156 3499 centenum
