2438 3848
97 172 135 233 12
431 185 505 233 oux.
527 184 614 233 sunu
636 184 805 233 uoouorur

94 341 257 419 positurus;
282 357 316 399 ac
331 341 485 418 praecepit
508 342 583 414 suis,
600 358 636 398 ne
653 341 782 399 sarcinas
801 339 953 399 solverent
977 348 1025 398 aut
1047 356 1138 398 onera

95 426 295 503 deponerent,
324 442 361 482 ne
389 425 454 502 quis
484 424 520 484 ab
550 423 700 483 ordinibus
730 425 879 501 signisque
902 423 1085 492 discederet;
1109 432 1139 482 et

95 525 153 587 quo
172 508 264 584 magis
286 510 507 587 persuasionem
526 507 651 567 hostium
674 508 874 583 oouiirmaret,
899 524 991 585 pauca
1004 507 1137 567 taberna·

95 593 160 651 cula
183 592 212 650 iu
235 601 395 669 conspectu
418 594 492 668 erigi
515 593 597 651 iussit
617 593 760 670 ignesque
780 592 844 650 fieri
868 599 897 650 et
918 591 1058 668 quosdam
1075 590 1136 651 val·

95 675 153 736 lum
165 683 296 750 struere,
312 676 453 753 quosdam
466 677 495 733 in
507 675 710 752 lignationem,
726 684 756 734 ut
769 676 1020 753 conspicerentur,
1038 676 1136 734 exire:

95 759 175 837 quod
196 757 303 818 Cimbri
324 777 396 818 vere
419 759 467 835 agi
490 761 688 818 existimantes
710 768 740 818 et
759 759 815 837 ipsi
837 761 940 818 castris
962 759 1138 836 delegerunt

95 842 207 911 locum;
237 843 420 921 dispersique
449 845 476 901 in
503 844 652 921 proximos
681 859 769 919 agros
799 843 835 901 ad
866 844 1061 920 comparanda
1091 859 1136 916 ea,

95 944 171 1005 quae
191 928 333 986 mansuris
351 928 520 986 necessaria
544 935 625 1002 sunt,
659 929 847 986 occasionem
868 926 1010 986 dederunt
1032 924 1137 986 Catulo

95 1028 154 1069 non
182 1010 276 1070 solum
304 1012 411 1070 ilumen
444 1011 611 1086 traiciendi,
639 1010 692 1069 sed
721 1012 806 1070 etiam
834 1019 930 1070 castra
960 1027 1061 1069 eorum
1094 1011 1135 1068 in·

95 1093 232 1155 lestandi.

180 1180 210 1238 4.
236 1175 382 1253 Croesus,
405 1196 468 1238 cum
488 1178 581 1253 Halyn
601 1178 677 1238 vado
696 1179 820 1238 transire
840 1194 897 1236 non
916 1187 1019 1255 posset
1040 1195 1137 1256 neque

95 1263 210 1322 navium
232 1271 279 1323 aut
305 1263 402 1341 pontis
428 1263 553 1322 faciendi
583 1265 696 1340 copiam
718 1262 857 1338 baberet,
888 1262 968 1321 fossa
991 1262 1138 1339 superiori

96 1364 113 1405 e
136 1355 219 1423 parte
241 1356 309 1425 post
327 1355 423 1406 castra
445 1347 584 1421 deducta,
601 1347 716 1407 alveum
736 1346 859 1405 iluminis
877 1364 893 1405 a
913 1355 999 1422 tergo
1023 1346 1137 1404 exerci-

96 1439 141 1488 tus
164 1431 208 1487 sui
230 1428 365 1489 reddidit.

181 1513 209 1572 5.
231 1511 283 1572 Gn.
307 1513 461 1590 Pompeius
475 1513 635 1588 Brundisii,
656 1531 719 1572 cum
734 1514 882 1574 excedere
900 1512 982 1573 ltalia
1001 1521 1030 1572 et
1045 1521 1136 1573 trans·

95 1596 175 1655 ierre
197 1596 306 1656 bellum
328 1598 548 1674 proposuisset,
570 1598 693 1657 instante
709 1615 726 1656 a
740 1606 825 1674 tergo
847 1596 974 1657 Caesare
995 1614 1136 1656 conscen-

96 1699 180 1739 surus
206 1681 346 1755 classem,
370 1680 508 1758 quasdam
531 1680 675 1741 obstruxit
691 1683 770 1756 vias,
787 1683 859 1741 alias
875 1681 1034 1759 parietibus
1048 1683 1136 1740 inter·

97 1766 205 1841 sepsit,
228 1765 300 1823 alias
322 1764 468 1823 intercidit
482 1765 571 1825 fossis
595 1783 705 1844 easque
727 1765 847 1824 sudibus
871 1767 978 1824 erectis
1001 1765 1136 1843 praeclu-

96 1866 145 1907 sas
165 1849 280 1926 operuit
304 1847 447 1920 cratibus,
468 1848 555 1909 burno
574 1850 712 1927 adgesta;
733 1851 872 1926 quosdam
895 1849 1005 1924 aditus,
1029 1850 1078 1926 qui
1102 1848 1136 1909 ad

95 1942 209 2009 portum
232 1931 382 2009 serebant,
403 1932 532 1993 trabibus
552 1934 728 1994 transmissis
759 1935 838 1992 etin
861 1934 981 1993 densum
1006 1933 1137 1993 ordinem

96 2018 231 2093 structis,
255 2017 365 2094 ingenti
392 2017 470 2077 mole
495 2026 612 2077 tutatus.
658 2016 769 2090 Quibus
793 2019 990 2096 perpetratis,
1011 2016 1047 2076 ad
1069 2035 1136 2095 spe·

93 2103 167 2160 ciem
188 2101 362 2161 retinendae
382 2101 461 2160 urbis
477 2119 561 2161 raros
580 2118 634 2179 pro
655 2101 808 2160 moenibus
825 2102 989 2178 sagittarios
1008 2100 1137 2178 reliquit,

95 2194 211 2244 ceteras
248 2187 349 2264 copias
378 2187 440 2244 sine
468 2186 587 2245 tumultu
617 2185 653 2245 ad
678 2203 768 2244 naves
795 2186 927 2246 deduxit:
955 2185 1137 2261 navigantem

98 2288 162 2328 eum
182 2287 254 2329 mox
275 2271 415 2346 sagittarii
436 2286 553 2348 quoque
577 2287 631 2346 per
656 2270 758 2329 itinera
786 2279 854 2329 nota
882 2269 1007 2346 digressi
1037 2269 1136 2346 parvis

94 2354 218 2430 navigiis
242 2353 393 2413 consecuti
412 2361 487 2412 sunt.
620 2369 622 2374 ·
762 2351 769 2363 ‘

180 2437 209 2496 6.
233 2435 266 2497 G.
278 2436 390 2496 Duilius
408 2435 509 2495 consul
522 2437 550 2495 in
564 2438 650 2514 portu
666 2436 848 2514 Segestano,
867 2455 953 2515 quem
965 2446 1077 2495 temere
1095 2437 1135 2495 in·

94 2529 239 2597 traverat,
263 2519 378 2581 obiecta
402 2519 438 2578 ad
456 2521 619 2596 ingressum
647 2530 749 2581 catena
772 2522 906 2596 clausus,
931 2523 1086 2580 universos
1108 2522 1136 2579 iu

46 2660 48 2669 i
95 2606 215 2683 puppim
236 2604 335 2665 retulit
355 2602 461 2662 milites
489 2613 577 2683 atque
606 2606 644 2664 ita
673 2607 809 2683 resupina
831 2606 946 2681 navigia
964 2621 1067 2681 magua
1090 2623 1136 2664 re.-

83 2689 261 2766 migantium
281 2689 311 2747 vi
334 2689 498 2747 concitavit.
540 2688 667 2748 Levatae
684 2707 790 2768 prorae
809 2707 898 2767 snper
921 2699 1053 2749 catenam
1068 2705 1135 2767 pro-

49 2839 52 2843 ,
97 2780 264 2832 cesserunt:
289 2790 345 2850 qua
367 2780 452 2849 parte
475 2782 611 2850 superata
632 2774 808 2850 transgressi
836 2791 922 2832 cursu
941 2773 1048 2833 milites
1067 2789 1134 2850 pro·

33 2870 36 2874 ·
78 2855 144 2915 'ras
161 2864 351 2934 presserunt,
375 2857 404 2914 in
426 2873 498 2934 quas
519 2876 637 2917 versum
652 2857 766 2936 pondus
779 2856 933 2916 decursum
954 2875 1043 2936 super
1057 2865 1136 2916 cate·

95 2958 160 2998 nam
182 2939 261 2999 dedit
281 2939 411 2999 navibus.

182 3026 211 3085 7.
230 3023 378 3098 Lysander
399 3024 663 3099 Lacedaemouius,
687 3042 751 3083 cum
769 3026 798 3084 in
819 3033 905 3103 portu
918 3023 1137 3083 Atheniensium

97 3126 161 3167 cum
183 3115 244 3166 tota
269 3108 365 3168 classe
385 3109 588 3184 obsideretur,
620 3108 731 3167 obrutis
752 3110 877 3169 hostium
899 3107 1021 3168 navibus
1040 3107 1077 3167 ab
1101 3126 1136 3168 ea

95 3202 197 3270 parte,
220 3210 276 3270 qua
295 3193 426 3253 saucibus
456 3193 665 3270 angustissimis
692 3190 782 3252 iuiluit
810 3211 906 3269 mare,
936 3192 1045 3252 milites
1066 3209 1137 3252 suos

97 3276 172 3336 clam
189 3278 218 3336 in
241 3277 308 3337 litus
331 3278 433 3355 egredi
457 3278 539 3336 iussit
568 3285 597 3335 et
621 3275 760 3336 subiectis
778 3278 851 3338 rotis
872 3295 963 3338 naves
982 3276 1018 3336 od
1039 3277 1137 3355 proxi·

96 3378 172 3421 mum
195 3371 311 3439 portum
331 3361 513 3435 Munychiam
532 3361 655 3419 traiecit.
762 3378 765 3382 ⁸

181 3444 211 3509 8.
231 3446 387 3509 Hirtuleius
405 3444 520 3522 legatus
539 3445 678 3519 Sertorii,
699 3463 762 3506 cum
780 3444 809 3506 iu
819 3443 956 3524 Hispania
975 3445 1052 3504 inter
1064 3444 1139 3533 duos
