2438 3848
34 410 67 461 ts

34 462 62 533 bt

34 558 63 609 o

223 329 225 333 ’
311 280 624 437 'namnamo
646 306 934 417 burnonis·

177 545 321 620 Quoniam
342 561 451 605 summa
472 563 579 620 rerum,
598 545 692 624 qualis
714 545 782 605 hnic
803 544 979 624 scriptorum
993 542 1137 604 Romano·

34 638 63 663 ·“
88 649 152 693 rum
176 630 346 691 collectioni
368 631 514 708 praemitti
534 629 627 705 solet,
652 630 743 708 ipsius
765 630 904 704 auctoris,
927 629 976 706 qui
998 630 1026 687 in
1048 628 1137 688 libro·

87 735 150 777 rum
169 731 286 774 suorum
307 713 403 772 fronte
421 713 458 773 de
476 714 630 792 proposito
645 716 709 792 ipse
722 714 888 792 praefatur,
908 721 966 771 tum
980 728 1034 772 suo
1049 729 1137 790 quae·

45 801 57 826 Ι
89 819 149 879 que
174 798 275 860 ordine
297 797 439 875 disposita
461 805 491 856 et
512 815 567 876 per
588 797 701 874 singula
719 798 814 875 capita
833 797 948 872 digesta
968 793 1137 875 perscribit,

40 976 56 1021 Ι

90 900 161 944 cura
190 891 219 941 et
247 881 370 940 consilio
396 898 452 958 per
480 898 514 940 se
542 883 746 958 cognoscitur,
772 898 865 959 pauca
887 879 956 940 mihi
988 880 1025 940 de
1051 896 1139 939 causa

88 968 192 1028 critica
209 982 401 1044 praemonere
417 963 516 1024 liceat.
559 963 697 1024 Nimirum
713 966 880 1043 quaerenti,
905 963 953 1042 qui
973 963 1039 1023 libri
1053 982 1139 1023 manu

40 1066 55 1129 -j
88 1050 193 1128 scripti
217 1049 339 1108 studium
364 1066 461 1107 meum
490 1065 669 1128 operamque
697 1049 875 1121 adiuverint,
903 1047 1140 1125 respondendum

43 1148 53 1163 ³
90 1134 191 1210 utique
209 1132 277 1191 mihi
296 1140 358 1207 est,
377 1149 436 1190 non
457 1148 533 1191 nova
554 1131 701 1210 praesidia
722 1149 768 1190 me
786 1133 815 1190 in
836 1139 973 1209 promptu
988 1130 1138 1204 babuisse,

88 1216 167 1276 sed
158 1234 187 1274 ιιι
203 1218 461 1292 strategematicon
482 1214 563 1273 libris
582 1216 732 1293 copiosum
748 1213 948 1292 Oudendorpii
965 1222 1139 1292 ,apparatum

90 1300 238 1374 criticum,
274 1300 303 1358 in
328 1299 577 1378 praestantissima
604 1299 687 1358 huius
713 1297 899 1357 celeberrimi
925 1299 985 1356 viri
1011 1298 1138 1358 editione

89 1383 271 1460 depositum,
305 1383 401 1443 denuo
435 1382 591 1458 diligenter
619 1383 816 1457 excussisse,
839 1380 868 1440 in
888 1399 982 1460 aquae
1003 1381 1139 1441 ductuum

89 1476 184 1526 autem
208 1465 350 1527 librome
368 1467 480 1526 fructus
503 1484 587 1525 meae
609 1467 700 1545 ipsius
730 1483 840 1545 operae
862 1475 929 1527 ante
957 1467 1058 1545 plures
1088 1483 1138 1525 au·

88 1567 143 1609 nos
168 1551 318 1628 impensae
341 1559 371 1610 et
392 1551 462 1610 iuris
493 1549 603 1628 publici
627 1551 722 1610 factae
743 1551 950 1628 recollegisse.
993 1549 1091 1628 Atque
1111 1551 1139 1608 in

89 1643 212 1712 utraque
235 1642 319 1712 parte
349 1633 419 1712 quid
440 1635 651 1713 praestiterim,
678 1636 808 1713 quamvis
826 1635 928 1694 intenti
949 1634 1070 1694 lectoris
1096 1634 1138 1693 in·

87 1717 193 1777 dicium
215 1733 273 1776 non
294 1717 430 1794 effugiat,
453 1727 562 1793 tamen,
586 1728 616 1778 et
630 1737 684 1777 usu
706 1720 872 1779 admittente
895 1727 925 1778 et
947 1720 1060 1778 ratione
1080 1733 1140 1776 non

88 1801 272 1878 refragante,
305 1803 477 1880 praesertim
505 1803 533 1860 in
556 1805 813 1879 strategematicon
840 1802 922 1862 libris
951 1819 1025 1880 quae
1052 1817 1138 1861 ame

89 1886 147 1943 sint
169 1893 219 1944 aut
239 1887 373 1944 restituta
398 1894 446 1945 aut
470 1887 632 1962 emendata,
657 1895 687 1946 ut
711 1887 795 1946 simul
818 1886 946 1964 exempli
967 1885 1137 1946 Oudendor-

89 1968 167 2046 piani
198 1968 412 2047 discrepantiae
437 1971 467 2028 in
500 1979 690 2049 conspectum
731 1970 849 2042 cadant,
887 1969 1040 2049 praecipui
1076 1985 1137 2028 mo·

88 2053 178 2111 menti
196 2070 245 2112 res
266 2061 452 2112 consectatus
474 2051 557 2112 brevi
576 2053 763 2113 adnotatione
783 2052 943 2113 subiiciam.

173 2207 295 2263 Praelat.
325 2207 500 2277 diductione)
516 2208 697 2264 scribendum
712 2225 727 2264 e
744 2208 807 2265 cod.
824 2206 927 2264 Medic.
940 2207 1072 2280 vestigiis
1088 2223 1140 2279 pu·

89 2292 200 2360 tabam,
217 2307 271 2362 pro
286 2290 449 2350 diducimus.
478 2285 491 2373 ΙΙ
524 2293 654 2349 Ulmulto
672 2294 834 2362 transireat)
854 2299 886 2348 ut
902 2298 945 2349 est
964 2292 993 2346 in
1008 2291 1137 2364 plurimis

87 2374 182 2442 libris,
207 2378 380 2431 transirem'
374 2393 402 2432 ιιι
422 2379 502 2434 Leid.
516 2394 560 2450 pr.
589 2379 700 2450 Vulgo.
730 2379 807 2435 Unde
820 2380 907 2435 multu
928 2379 1052 2432 transire
1072 2375 1141 2432 milti

86 2460 281 2529 qosepcrmioi.
312 2452 326 2538 Η
349 2461 464 2517 mauu
486 2463 624 2534 quaeque)
646 2463 721 2518 Libri
734 2458 848 2534 plurimi
863 2461 915 2518 sub
930 2474 1049 2532 quaque,
1066 2476 1136 2514 non-

87 2542 156 2595 nulli
170 2542 222 2597 sub
234 2559 419 2616 quocumque.
450 2545 534 2617 Vulg
550 2546 601 2601 sub
616 2561 792 2618 unoquoque.
819 2537 832 2625 ΙΙ
859 2547 933 2601 Nom
952 2560 1017 2599 cum
1031 2544 1137 2612 omnio)

36 2658 40 2665 ·
85 2626 126 2680 lta
145 2641 182 2680 ex
193 2626 279 2683 codd
292 2629 423 2684 omnibus
435 2629 563 2694 restitum
576 2629 646 2684 illud
661 2636 725 2699 tum,
741 2629 817 2700 quod
830 2630 961 2700 vulgatur
974 2632 1038 2683 ante
1050 2629 1138 2682 verba

83 2712 110 2765 si
128 2710 158 2762 in
171 2712 271 2781 specie,
287 2713 369 2768 eieci.
402 2703 415 2790 ΙΙ
446 2713 542 2768 hosti·
531 2714 651 2781 insesso)
638 2714 742 2781 >Libri
763 2713 875 2786 infesta.
907 2712 1015 2768 Hosti
1008 2729 1027 2766 1.
1053 2727 1078 2764 e.
1102 2711 1137 2766 ab

83 2791 178 2849 hoste.
208 2794 230 2850 Ι.
246 2802 271 2865 1,
288 2800 319 2856 7;
338 2795 483 2866 adplicitoo
502 2797 668 2852 bostioolloo
695 2799 712 2852 Ι.
732 2813 757 2853 e.
773 2800 808 2854 ab
822 2797 915 2853 hoste.
943 2794 1086 2851 Etiamll.
1110 2799 1137 2864 b,

85 2880 121 2934 32
135 2878 196 2932 loca
218 2881 325 2936 insesso
338 2881 544 2950 corrumpitur'
538 2897 566 2934 ιιι
582 2879 693 2953 infesto

170 2961 231 3022 Lib.
249 2963 271 3017 Ι.
301 2981 365 3036 cap
377 2962 410 3019 ῖΙ.
433 2967 461 3020 4
494 2964 618 3032 Gabinis)
638 2963 697 3039 Aut
719 2964 774 3020 hoc
795 2964 990 3028 inserendum,
1021 2967 1069 3018 aut
1090 2961 1136 3020 bo·

82 3044 211 3101 minibus
242 3038 256 3125 ΙΙ
283 3052 309 3106 6.
338 3045 531 3116 cananaeam)
559 3049 618 3104 Hoc
640 3064 742 3102 nomen
777 3065 813 3102 ex
837 3049 927 3104 Dione
955 3047 1088 3104 Cassio
1081 3063 1138 3103 ram

82 3131 256 3197 praetulerat
285 3131 470 3202 Wesseling„
505 3133 697 3188 consentiente
726 3131 854 3188 Freinsh.
902 3133 1028 3188 Praefert
1054 3131 1138 3187 etiam

83 3211 168 3282 Oud.,
186 3213 383 3270 edidittamen
401 3231 464 3270 cum
485 3218 564 3288 vulg.
586 3216 778 3272 Pharmacum.
808 3217 929 3274 Nomina
949 3215 1064 3287 propria
1086 3214 1139 3268 mi·

83 3298 201 3352 serrime
235 3303 421 3395 corruperunt
444 3299 561 3356 librarii.
594 3291 607 3378 ΙΙ
643 3302 805 3373 operentur)
840 3301 911 3357 Oud.
932 3297 1094 3370 oqcbontur.
1121 3287 1136 3371 ll

80 3379 176 3452 infra)
162 3384 338 3451 >revocavi
363 3399 379 3438 e
401 3383 531 3456 plurimis
551 3384 636 3440 codd.
665 3386 755 3442 lnlra:
778 3384 911 3458 inferiore
926 3384 1031 3438 itinere.
1061 3371 1136 3454 lli

902 3481 941 3540 qa
