2438 3848
87 171 146 232 122
413 183 489 235 sax.
512 184 600 233 1uu11
622 183 792 233 anonumr

85 350 179 400 teras:
207 359 289 416 nam,
319 358 383 399 cum
412 340 587 400 editissimos
614 340 711 398 veniat
736 348 766 399 et
792 341 821 397 in
847 339 947 418 primis
970 337 1131 413 abundans,

85 424 243 485 defectioni
265 424 386 484 aliarum
404 425 555 484 succurrit.
600 422 746 501 Imperitia
767 440 839 482 vero
857 423 1057 500 aquariorum,
1081 422 1130 481 de·

85 509 248 568 ducentium
277 511 304 568 in
332 509 444 568 alienos
474 525 538 566 sum
562 524 670 584 specus
692 507 891 585 frequentius,
921 524 1006 584 quam
1026 506 1130 583 exple·

84 603 182 652 mento
201 610 275 670 opus
296 602 374 667 erat,
398 594 484 651 etiam
503 590 681 650 sufficientes
699 609 788 669 aquas
804 589 986 669 inquinabat,
1007 593 1130 649 maxime

86 675 251 751 Claudiam,
277 694 368 755 quae,
392 693 446 753 per
463 676 551 734 multa
570 675 647 734 milia
663 692 800 752 passuum
816 675 936 752 proprio
953 674 1038 734 ducta
1054 676 1128 747 rivo,

85 761 195 820 Romae
225 760 337 820 demum
364 778 427 817 cnm
455 759 568 817 Anione
594 760 754 836 permixta,
788 758 901 817 in·hoc
927 768 1041 835 tempus
1063 775 1129 835 per-

75 845 172 905 ·debat
198 846 416 922 proprietatem.
462 843 607 920 Adeoque
634 837 859 902 obvenientibus
890 860 949 901 non
976 860 1129 901 succurre·

85 928 185 1002 batur,
211 938 241 987 ut
263 928 424 1005 pleraeque
445 936 670 986 accerserentur
694 944 748 1004 per
770 926 989 1005 imprudentiam
1010 943 1068 984 non
1091 927 1130 984 uti

84 1012 200 1088 dignum
229 1021 292 1070 erat
321 1013 515 1088 partientium;
548 1009 685 1069 Marciam
713 1019 744 1070 ut
771 1011 880 1088 ipsam,
910 1010 1071 1088 splendore
1096 1027 1131 1068 ac

84 1096 197 1172 frigore
225 1098 434 1172 gratissimam,
466 1094 579 1153 balneis
606 1112 641 1153 ac
662 1093 820 1154 fullonibus
844 1103 874 1153 et
895 1095 989 1153 relatu
1013 1111 1131 1172 quoque

85 1180 181 1240 foedis
196 1182 361 1239 ministeriis
378 1179 656 1258 deprehenderimus
672 1179 857 1238 servientem.
904 1177 988 1256 (92.)
1022 1176 1131 1237 Omnes

85 1281 158 1342 ergo
183 1265 309 1324 discerni
329 1265 454 1342 placuit,
476 1273 534 1322 tum
553 1263 682 1339 singulas
704 1264 743 1322 ita
766 1263 910 1339 ordinari,
932 1271 963 1321 ut
982 1264 1010 1321 in
1030 1263 1131 1340 primis

85 1347 195 1408 Marcia
222 1351 303 1427 potui
319 1352 391 1408 ‘tota
420 1349 561 1422 serviret,
594 1356 623 1406 et
649 1347 791 1425 deinceps
814 1347 945 1425 reliquae
970 1347 1131 1405 secuudum

85 1451 166 1491 suam
198 1451 332 1511 quaeque
360 1433 526 1509 qualitatem
554 1434 628 1509 aptis
654 1431 753 1489 usibus
781 1428 1021 1508 adsignarenfbr,
1040 1431 1132 1488 ‘sicut

86 1516 162 1574 Arrio
182 1516 274 1574 Vetus
296 1515 426 1594 pluribus
448 1534 485 1574 ex
505 1517 618 1590 causis,
647 1532 704 1592 quo
728 1515 849 1574 inferior
872 1516 1017 1592 excipitur
1038 1516 1135 1572 miuus

87 1597 229 1673 salubris,
258 1600 287 1656 iu
315 1598 464 1658 hortorum
491 1600 662 1675 rigationem
684 1608 772 1677 atque
793 1600 822 1657 irr
846 1600 938 1677 ipsius
955 1598 1045 1671 prbis
1063 1614 1131 1657 sor·

85 1683 197 1742 didiora
219 1682 313 1751 exiret
335 1683 502 1741 ministeria.
554 1683 639 1760 (93.)
683 1682 748 1743 Nec
769 1684 839 1742 satis
863 1683 916 1742 fnit
932 1681 1059 1759 Principi
1079 1698 1131 1740 no-

86 1776 147 1825 stro
169 1775 333 1837 ceterarum
355 1767 518 1826 restituisse
540 1767 653 1843 copiam
669 1775 698 1825 et
714 1770 850 1842 gratiam:
874 1766 994 1824 Anionis
1012 1783 1132 1843 quoque

85 1849 161 1910 Novi
182 1852 250 1911 vitia
275 1851 390 1911 excludi
414 1868 503 1929 posse
526 1849 605 1910 vidit.
651 1849 767 1909 Omissa
785 1852 860 1910 enim
879 1850 1010 1924 flumina,
1035 1849 1132 1927 repeti

87 1955 125 1995 ex
146 1935 229 2017 lac-u,
252 1936 301 2013 qui
324 1945 368 1994 est
390 1954 480 2013 super
497 1935 595 1993 villam
617 1933 810 1994 Neronianam
830 1934 1056 2008 Sublacensem,
1082 1932 1132 1992 ubi

86 2021 301 2098 limpidissimus
322 2029 381 2095 est,
406 2022 496 2079 iussit.
542 2019 613 2078 Nam
634 2037 697 2078 cum
719 2020 828 2078 oriatur
850 2018 926 2076 Arrio
950 2036 1037 2095 supra
1059 2017 1132 2076 'fre-

86 2103 151 2163 bam
171 2105 349 2180 Augustam,
376 2123 428 2163 seu
451 2105 518 2182 quia
540 2121 594 2180 per
616 2119 741 2162 saxosos
763 2111 877 2162 montes
894 2103 1039 2176 decurrit,
1061 2119 1132 2179 pau·

86 2190 129 2247 cis
152 2190 229 2247 circa
251 2191 345 2265 ipsum
367 2189 504 2265 oppidum
522 2187 723 2247 obiacentibus
741 2186 843 2262 cultis,
866 2205 918 2246 seu
933 2188 1000 2264 quia
1017 2186 1133 2245 lacuum

86 2272 251 2345 altitudine,
279 2274 307 2328 in
328 2288 401 2348 quos
425 2272 689 2349 excipitur,vetut
711 2270 897 2345 defaecatur,
926 2271 1133 2329 imminentium

86 2371 204 2432 quoque
228 2370 376 2412 nemorum
396 2357 542 2431 opacitate
561 2354 754 2431 inumbratus,
778 2354 981 2431 frigidissimus
1000 2353 1085 2413 simul
1104 2363 1133 2413 et

87 2436 335 2516 splendidissimus
352 2454 387 2494 eo
406 2440 548 2514 pervenit.
591 2438 671 2497 Haec
686 2448 742 2498 tam
757 2439 829 2498 felix
844 2440 1010 2516 proprietas
1025 2456 1135 2516 aquae,

86 2521 218 2580 omnibus
240 2519 355 2579 dotibus
378 2531 535 2598 aequatura
558 2521 713 2598 Marciam,
743 2524 829 2600 copia
850 2539 922 2580 vero
946 2531 1132 2599 superatura,

84 2607 184 2664 veniet
206 2605 349 2688 inlocum
372 2605 510 2666 deformis
531 2607 609 2666 illius
631 2625 665 2666 ac
684 2606 833 2682 turbidae,
855 2623 962 2664 novum
980 2615 1133 2665 auctorem

85 2703 340 2750 IMPERATOREM
362 2704 546 2751 CAESAREM
566 2703 713 2751 NERVAM
736 2703 1132 2751 TRAIANUM‘AUGUSTUM

84 2775 308 2853 praescribente
331 2775 424 2834 titulo.
584 2826 588 2834 .
931 2766 941 2781 ’

170 2859 220 2918 94.
266 2861 418 2938 Sequitur,
449 2867 480 2917 nt
507 2858 682 2933 indicemus,
710 2859 787 2937 quod
809 2859 852 2917 ins
875 2856 1024 2917 ducendae
1047 2865 1131 2916 tuen-

85 2941 199 3019 daeque
230 2944 266 3002 sit
289 2961 398 3021 aquae:
429 2959 550 3020 quorum
572 2943 693 3002 alterum
713 2944 748 3002 ad
770 2942 952 3001 cohibendos
973 2943 1046 3000 intra
1069 2958 1132 3000 mo-

86 3025 150 3084 dum
171 3028 315 3103 impetrati
339 3027 473 3086 beneficii
488 3029 636 3104 privatos,
660 3026 780 3086 alterum
798 3026 833 3085 ad
848 3027 978 3103 ipsorum
995 3026 1133 3085 ductuum

85 3110 212 3187 pertinet
235 3110 363 3169 tutelam.
409 3110 441 3169 ln
462 3110 566 3189 quibus
587 3110 652 3169 dum
672 3111 757 3170 altius
779 3108 884 3188 repeto
907 3111 992 3186 leges
1012 3109 1049 3168 de
1073 3111 1132 3169 sin·

84 3191 160 3269 gulis
180 3191 324 3269 perlatas,
348 3195 490 3272 quaedam
512 3194 588 3273 apud
606 3203 722 3254 veteres
742 3195 827 3273 aliter
844 3194 1001 3254 observata
1017 3195 1132 3253 inveni:

86 3275 161 3353 apud
187 3293 261 3354 quos
285 3280 376 3336 omnis
401 3297 475 3357 aqua
498 3280 526 3336 in
548 3297 616 3338 usus
638 3278 775 3356 publicos
795 3279 989 3355 erogabatur,
1015 3286 1044 3336 et
1063 3296 1132 3338 cau·

84 3371 143 3421 tum
169 3361 207 3420 ita
233 3361 301 3421 fuit:
335 3376 382 3422 nn
412 3376 490 3434 curs
518 3375 688 3423 rnrvnrus
714 3375 837 3434 conam
865 3375 978 3422 aaran
1001 3373 1133 3441 nuens,

86 3457 185 3517 onan
206 3458 300 3519 curs
323 3459 370 3509 nx
392 3459 484 3506 nucu
505 3460 633 3506 anunm
655 3458 815 3506 accrum:
851 3447 942 3525 (traec
965 3447 1040 3506 enirn
1066 3456 1134 3506 sum
