2438 3848
126 172 167 234 48
459 186 839 237 sax.1uu11rnoxr1xr
913 220 917 225 .

211 340 262 402 38.
309 340 341 400 G.
362 338 483 417 Caesar,
504 345 565 401 suis
588 351 617 401 et
630 341 742 402 Afranii
764 343 868 401 castris
883 343 1044 403 contrarias
1066 351 1169 405 tenen·

124 427 201 488 tibus
220 427 378 506 planicies,
401 443 466 484 oum
483 427 633 504 utriusque
652 428 742 504 partis
759 425 911 503 plurimum
927 427 1086 488 interesset
1107 414 1174 493 effi

124 508 169 572 les
191 514 341 591 proximos
363 526 525 588 occupare,
555 510 643 587 idque
671 518 794 588 propter
821 525 958 569 saxorum
979 514 1168 589 asperitatem

126 604 208 656 esset
242 593 378 668 dillicile,
412 601 556 670 tamquam
583 592 707 653 ilerdam
735 594 924 670 repetiturum
954 603 1034 655 retro
1063 614 1168 672 agmen

126 680 287 753 ordinavit,
318 678 444 738 iaciente
468 678 564 754 inopia
596 677 682 736 iidem
703 676 903 745 destinationi;
932 679 1005 738 intra
1026 677 1166 739 brevissi·

125 782 201 822 mum
229 762 334 822 deinde
357 761 480 838 spatium
508 761 616 837 exiguo
639 761 760 819 circuitu
781 759 862 819 flexit
883 771 1006 838 repente
1029 763 1066 824 ad
1085 781 1167 822 mon-

125 856 172 907 tes
192 843 390 924 occupandos.
436 842 501 917 Quo
522 846 585 903 visu
607 843 768 923 perturbati
783 843 949 921 Afraniani,
972 845 1052 905 velut
1072 849 1166 926 captis

125 931 246 1005 castris,
275 937 305 989 et
328 929 384 1006 ipsi
410 929 504 987 eliuso
534 945 621 987 cursu
649 927 771 987 eosdem
798 937 910 988 montes
931 930 1064 1007 petieras
1088 930 1166 1007 quod

124 1015 250 1074 futurum
273 1031 336 1073 cum
364 1011 596 1091 praedivinasset
625 1010 751 1086 Caesar,
779 1013 882 1090 partim
914 1013 1043 1092 peditatu
1079 1031 1167 1091 quem

124 1099 334 1177 praemiserat,
363 1097 466 1174 partim
491 1095 527 1155 ab
552 1104 638 1173 tergo
667 1094 817 1155 submissis
840 1096 1002 1173 equitibus,
1020 1099 1167 1167 inordina·

125 1192 172 1243 tos
196 1191 241 1241 est
261 1182 389 1242 adortus.
958 1242 969 1247 ..

106 1261 108 1266 ⁴
210 1266 260 1327 39.
305 1266 448 1324 Antonius
470 1261 545 1343 apud
561 1261 667 1322 Forum
685 1262 849 1339 Gallorum,
874 1281 937 1323 curn
957 1260 1078 1325 Pansam
1097 1283 1166 1326 con-

126 1352 219 1411 sulem
240 1350 397 1410 adventare
419 1348 628 1425 comperisset,
654 1348 763 1408 insidiis
781 1365 835 1426 per
856 1347 1001 1408 silvestria
1022 1348 1166 1410 Aemiliae

124 1437 190 1493 viae
221 1432 387 1510 dispositis,
418 1449 523 1507 agmen
548 1432 616 1489 eius
645 1433 763 1508 excepit
784 1431 931 1508 luditque,
963 1440 992 1491 et
1014 1435 1109 1511 ipsum
1129 1451 1166 1493 eo

125 1516 248 1576 vulnere
268 1517 392 1589 adiecit,
417 1530 475 1591 quo
492 1517 565 1573 intra
587 1531 698 1590 paucos
720 1515 783 1574 dies
805 1517 1026 1575 exanimaretur.

210 1600 260 1659 40.
305 1597 374 1657 Iuba
397 1616 468 1672 rex,
492 1598 519 1655 in
543 1597 643 1656 Africa
665 1596 746 1656 bello
770 1598 864 1673 civili,
887 1597 1022 1679 Curionis
1044 1602 1167 1660 animum

125 1683 257 1743 simulato
285 1699 425 1758 regressu
450 1681 561 1758 impulit
586 1683 613 1739 in
644 1699 747 1740 vanam
772 1683 966 1743 alacritatem:
997 1687 1080 1744 cuius
1102 1686 1167 1763 spei

123 1769 250 1827 vanitate
280 1766 421 1842 deceptus
443 1763 548 1841 Curio,
578 1765 644 1824 dum
671 1774 814 1843 tamquam
843 1766 1002 1844 lugientem
1025 1767 1167 1829 Saburam

125 1853 238 1928 regium
259 1851 441 1928 praelectum
464 1851 667 1927 persequitur,
688 1848 805 1909 devenit
826 1852 854 1909 in
876 1860 1010 1928 patentes
1034 1870 1165 1930 campos,

126 1935 173 1994 ubi
185 1932 368 1994 Numidarum
382 1936 594 1993 circumventus
611 1935 750 2010 equitatu,
765 1934 878 2011 perdito
892 1937 1033 2010 exercitu,
1049 1936 1165 1996 cecidit.

209 2020 261 2079 41.
306 2017 470 2079 Melanthus
502 2018 560 2077 dux
588 2016 825 2092 Atheniensium,
851 2037 915 2078 oum
940 2029 1119 2097 provocatus
1150 2039 1165 2079 a

125 2122 198 2181 rege
229 2104 354 2163 hostiurn
373 2100 490 2162 Xantho
518 2101 642 2160 Boeotio
670 2101 874 2161 descendisset
900 2102 936 2161 ad
966 2121 1108 2180 pugnam,
1136 2112 1167 2162 ut

125 2191 247 2267 primurn
270 2189 428 2246 comminus
459 2187 555 2261 stetit,
581 2183 699 2262 luique,
730 2185 838 2264 inquit,
861 2185 991 2262 Xanthe,
1014 2196 1044 2246 et
1059 2196 1167 2257 contra

125 2281 241 2349 pactum
269 2270 359 2336 lacis;
385 2270 527 2329 adversus
554 2268 648 2327 solum
676 2271 750 2328 euim
774 2287 837 2328 curn
865 2270 957 2329 altero
981 2273 1166 2349 processisti.

127 2353 257 2430 Cumque
280 2353 435 2412 admiratus
456 2351 522 2426 ille,
546 2353 675 2429 quisnam
693 2368 726 2411 sc
746 2355 947 2430 comitaretur,
970 2356 1165 2434 respexisset,

125 2454 258 2496 aversum
281 2451 338 2494 uno
361 2436 419 2493 ictu
439 2434 577 2494 confecit.

208 2519 259 2580 42.
303 2518 467 2596 lphiorates
488 2515 675 2578 Atheniensis
697 2519 732 2579 ad
755 2517 989 2592 Cherronesum,
1018 2539 1085 2580 curn
1111 2522 1165 2580 sci·

123 2614 169 2665 ret
194 2603 490 2664 Lacedaemoniorum
516 2602 619 2661 ducem
649 2602 822 2664 Anaxibium
848 2607 1008 2664 exercitum
1034 2606 1166 2684 pedestri

122 2690 226 2748 itinere
250 2687 374 2760 ducere,
397 2685 585 2745 firmissimam
613 2705 724 2746 manum
741 2689 860 2749 militurn
887 2687 985 2749 eduxit
1007 2707 1024 2748 e
1043 2689 1166 2749 navibus

125 2780 155 2831 et
174 2772 203 2830 in
213 2769 335 2914 niuis
356 2769 537 2837 conlocavit;
561 2789 650 2830 naves
671 2780 765 2832 autem
785 2775 908 2832 omnium
928 2782 1071 2852 tamquam
1095 2790 1165 2832 onu-

124 2865 185 2915 stas
331 2851 426 2930 palam
453 2857 671 2931 transnavigare
697 2855 796 2915 iussit:
826 2859 864 2916 ita
892 2874 1016 2916 securos
1044 2856 1165 2916 etuihil

124 2939 182 2998 tale
206 2934 412 3015 exspectantes
425 2933 673 2998 Lacedaemonios
695 2957 711 2998 a
730 2948 815 3017 tergo
832 2941 991 3018 adgressus
1013 2942 1042 3001 in
1060 2943 1165 3001 itinere

124 3021 273 3100 obpressit
293 3020 434 3098 luditque.

209 3105 261 3166 43.
305 3103 436 3181 Liburni,
467 3123 532 3164 cum
555 3106 667 3165 vadosa
694 3105 761 3165 loca
790 3106 993 3183 obsedissent,
1021 3106 1165 3185 capitibus

124 3198 232 3250 tantum
253 3188 444 3248 eminentibus
466 3188 551 3248 iidem
572 3189 704 3248 iecerunt
726 3189 803 3248 hosti
825 3191 874 3250 alti
895 3193 999 3269 maris,
1024 3209 1060 3251 ac
1081 3192 1165 3250 trire-

123 3290 216 3348 mem,
239 3291 313 3351 quae
337 3290 390 3332 eos
412 3271 662 3351 persequebatur,
684 3272 860 3350 implicatam
881 3276 956 3335 vado
981 3283 1136 3354 ceperunt.

208 3358 259 3417 44.
302 3356 473 3417 Alcibiades
503 3356 561 3415 dux
587 3354 808 3417 Atheniensium
835 3360 865 3417 iu
892 3357 1088 3438 Hellesponto
1117 3358 1165 3419 ad·

123 3459 228 3502 uersus
242 3439 400 3502 Mindarum
416 3438 711 3500 Lacedaemoniorum
724 3439 839 3521 ducem,
856 3458 920 3502 cunr
939 3442 1064 3523 amplum
1079 3458 1169 3503 exer-⁴
1204 3460 1207 3464 ·
