2438 3848
92 126 95 131 ’
195 165 243 211 ou
269 162 387 224 nouae
407 162 580 212 ouorraus
604 161 706 212 uuam
726 162 847 212 nonan
868 163 984 212 crana.
1052 153 1111 214 105

66 321 178 387 formas
201 336 320 398 quoque
343 317 477 378 ductuum
505 320 607 380 fucere
629 320 808 395 curavimus,
839 338 877 378 ex
898 318 1003 398 quibus
1024 319 1112 398 adpa-

67 414 130 480 ret,
151 403 200 463 ubi
216 404 310 464 valles
329 412 530 481 quantaeque,
551 403 599 463 ubi
612 404 726 464 flumina
741 405 949 479 traicerentur,
968 403 1017 463 ubi
1032 422 1112 464 mon·

67 490 138 550 tium
166 488 307 549 lateribus
336 505 444 565 specus
471 487 628 566 adplicitae
650 491 789 549 maiorem
815 488 1021 566 adsiduamque
1044 505 1112 567 pro·

68 572 190 651 tegendi
200 571 403 648 muniendique
419 574 537 648 exigant
548 591 656 631 curam.
690 573 763 632 Hinc
779 572 828 632 illa
841 574 981 648 contingit
991 572 1112 647 utilitas,

68 668 99 718 ut
118 675 190 719 rem
213 658 307 716 statim
328 657 418 715 veluti
445 656 474 714 in
502 666 664 735 conspectu
684 656 796 717 babere
821 659 966 735 possimus
989 666 1019 716 et
1041 656 1112 717 deli·

67 742 175 802 berane
198 750 340 819 tamquam
362 740 548 800 adsistentes.

158 824 207 886 18.
253 824 360 884 Omnes
389 842 483 902 aquae
511 825 626 884 diversa
658 825 686 883 in
708 823 809 884 urbem
833 825 905 884 libra
928 825 1110 904 perveniunt.

67 909 140 971 lndc
168 909 256 969 lluunt
284 909 424 985 quaedam
453 908 604 968 altioribus
632 908 728 968 loois:
759 919 788 968 et
818 910 958 987 quaedam
986 910 1058 987 erigi
1084 910 1113 967 in

69 995 260 1055 eminentiora
281 1009 339 1051 non
358 1002 494 1070 possunt;
518 1011 582 1052 uam
600 1011 675 1051 nunc
699 992 792 1052 colles
817 995 967 1071 quisunt,
990 1002 1114 1072 propter

67 1076 263 1157 lrcqu'entiam
284 1077 482 1137 incendiorum
503 1085 699 1136 excreverunt
720 1076 837 1136 rudere.
883 1077 1015 1155 Quinque
1037 1086 1113 1151 sunt,

68 1180 190 1242 quarum
205 1162 325 1222 altitudo
348 1163 377 1220 in
394 1178 507 1220 omnem
523 1170 635 1239 partem
653 1160 735 1219 urbis
754 1160 908 1220 attollitur:
931 1161 984 1220 sed
1007 1179 1045 1219 ex
1068 1160 1112 1219 bis
1157 1196 1162 1206 ·

69 1248 147 1308 aliae
168 1247 289 1322 maiori,
312 1246 388 1306 aliae
411 1246 515 1305 leviori
533 1263 671 1324 pressura
688 1254 841 1320 coguntur.
885 1245 1053 1304 Altlssimus
1069 1252 1114 1303 est

69 1332 147 1392 Anio
174 1324 295 1406 Novus,
325 1331 456 1408 proxima
484 1327 621 1405 Claudia,
651 1330 765 1388 tertium
796 1328 893 1388 locum
922 1338 1002 1388 tenet
1029 1328 1112 1403 Iulia,

70 1423 204 1494 quartum
224 1413 354 1493 Tepula,
377 1414 483 1474 debinc
500 1413 626 1490 lllarcia,
648 1431 723 1491 quae
747 1415 843 1492 capite
866 1415 951 1473 etiam
973 1409 1114 1472 Claudiae

68 1499 173 1560 libram
197 1509 312 1578 aequat.
358 1499 419 1560 Sed
439 1494 727 1558 veteres'bumiliore
744 1498 889 1558 directura
905 1497 1113 1575 perduxerunt,

68 1585 133 1644 sive
155 1583 280 1642 nondum
300 1583 336 1643 ad
358 1583 464 1642 subtile
487 1583 640 1661 explorata
663 1592 725 1643 arte
748 1583 887 1658 librandi,
911 1601 964 1642 seu
986 1583 1053 1660 quia
1076 1599 1115 1640 ex

68 1667 209 1728 industria
231 1666 305 1728 infra
333 1677 440 1727 terram
461 1686 552 1745 aquas
575 1667 763 1744 mergebant,
792 1686 829 1727 ne
856 1667 943 1727 lacile
965 1665 1001 1725 ab
1023 1665 1113 1724 bosti-

70 1752 126 1811 bus
140 1751 401 1829 interciperentur,
425 1769 489 1811 cum
503 1753 666 1832 frequentia
681 1752 775 1812 adbuc
792 1761 892 1812 contra
904 1750 1021 1811 Italicos
1035 1748 1114 1809 bella

68 1844 254 1914 gererentur.
298 1834 358 1895 lam
386 1845 481 1895 tamen
507 1836 676 1913 quibusdam
704 1836 796 1910 locis,
822 1835 917 1894 sicubi
938 1834 1040 1893 ductus
1062 1850 1113 1891 ve·

68 1928 177 1980 tustate
200 1919 329 1996 dilapsus
349 1928 410 1994 est,
429 1919 537 1978 omisso
555 1919 675 1978 circuitu
694 1917 884 1977 subterraneo
901 1917 1028 1990 vallium,
1047 1916 1114 1975 bre·

68 2005 168 2064 vitatis
197 2020 303 2077 causa,
334 2001 598 2061 substructionibus
628 1999 902 2077 arcuationibusque
935 2001 1113 2058 traiciuntur.

69 2088 193 2148 Sextum
216 2095 296 2144 tenet
319 2085 412 2144 librae
434 2084 531 2143 locum
553 2084 629 2143 Anio
649 2084 759 2159 Vetus,
787 2084 917 2143 similiter
939 2082 1115 2142 sullecturus

70 2172 159 2232 etiam
181 2168 333 2228 altioribus
354 2169 428 2227 locis
448 2167 547 2243 urbis,
571 2169 611 2242 si,
634 2166 683 2226 ubi
710 2167 827 2227 vallium
849 2167 1114 2244 submissarumque

69 2256 223 2332 regionum
255 2253 382 2312 conditio
411 2253 519 2329 exigit,
549 2251 813 2312 substructionibus
839 2249 1114 2328 arcuationibusque

69 2339 119 2399 vel
143 2338 256 2398 erismis
280 2338 454 2414 erigeretur.
500 2337 636 2415 Sequitur
657 2336 739 2396 buius
756 2337 857 2397 libram
875 2336 986 2414 Virgo,
1009 2335 1115 2395 deiude
1194 2364 1197 2369 Δ

69 2423 182 2501 Appia;
204 2440 360 2500 quaecum
382 2441 420 2481 ex
436 2421 547 2482 urbano
563 2438 635 2498 agro
657 2421 905 2500 perducerentur,
930 2439 988 2480 non
1010 2421 1038 2479 iu
1054 2429 1114 2479 tan·

69 2517 129 2568 tum
152 2506 309 2566 altitudinis
339 2507 413 2585 erigi
436 2515 603 2586 potuerunt.
649 2504 788 2566 Omnibus
815 2507 951 2567 humilior
971 2505 1114 2565 Alsietina

71 2600 135 2667 est,
164 2609 238 2668 quae
266 2590 501 2652 Transtiberinae
527 2592 642 2669 regioni
665 2600 694 2651 et
714 2592 837 2651 maxime
859 2590 1021 2651 iacentibus
1040 2589 1115 2649 locis

70 2677 174 2736 servit.

160 2759 208 2818 19.
253 2757 299 2818 Ex
325 2758 369 2818 bis
399 2777 452 2819 sex
479 2760 526 2820 uia
549 2759 665 2835 Latina,
686 2759 759 2818 iutra
781 2770 832 2816 vn
853 2756 1021 2831 miliarium,
1046 2771 1115 2814 oon·

70 2845 158 2905 tectis
175 2843 294 2921 piscinis
311 2844 511 2921 excipiuntur,
529 2843 578 2904 ubi
596 2844 679 2921 quasi
698 2843 862 2920 respirante
881 2842 1009 2899 rivorum
1029 2857 1116 2899 cursu

72 2929 169 2987 limum
192 2927 350 3005 deponunt.
394 2925 498 2987 Modus
520 2944 637 3005 quoque
661 2945 759 2986 earum
773 2924 915 2984 mensuris
933 2923 1039 2983 ibidem
1062 2939 1116 3001 po·

71 3013 135 3071 sitis
165 3013 259 3070 initur.
304 3011 433 3070 Unantur
454 3012 521 3072 inde
543 3011 632 3088 lulia,
662 3009 771 3071 lllaroia
794 3019 824 3068 et
844 3008 972 3087 Tepula;
996 3025 1116 3087 quarum

72 3095 202 3174 Tepula,
230 3113 306 3174 quae
336 3097 516 3173 intercepta,
547 3096 621 3154 sicut
643 3111 730 3172 supra
754 3094 1028 3169 demonstravimus,
1052 3095 1116 3153 rivo

72 3179 164 3240 lullae
187 3189 373 3255 accesserat,
396 3197 471 3238 nuno
494 3196 511 3238 a
530 3179 642 3258 piscina
665 3179 795 3238 eiusdem
819 3177 909 3238 Iuliae
932 3179 1047 3238 modum
1068 3195 1116 3238 ac·

73 3265 144 3343 cipit
167 3284 201 3325 ac
222 3265 343 3343 proprio
362 3263 454 3324 canali
471 3271 500 3322 et
518 3262 633 3322 nomine
656 3263 743 3322 venit.
788 3260 850 3323 llae
873 3272 934 3323 tres
956 3281 973 3324 a
997 3261 1116 3342 piscinis

71 3351 100 3408 in
124 3350 245 3410 eosdem
267 3367 352 3410 arcus
378 3348 567 3425 recipiuntur.
613 3347 745 3406 Summus
767 3346 795 3407 iu
814 3348 859 3408 bis
883 3356 928 3407 est
949 3346 1051 3422 lullae,
1073 3346 1115 3404 in·

70 3433 162 3494 ferior
183 3434 333 3512 Tepulae;
362 3432 467 3494 deinde
496 3430 616 3498 narem
662 3431 744 3507 Quae
770 3431 807 3493 ad
833 3431 936 3494 libram
959 3431 1045 3491 collis
1064 3428 1115 3487 Vi·
