2438 3848
203 178 251 225 nn
274 178 391 239 nouus
414 179 588 231 coeamus
610 182 712 232 onnus
734 185 856 235 sonan
878 187 995 236 menn.
1065 178 1125 239 129

70 331 203 410 exempli
226 350 314 392 causa
333 335 489 410 attingere.
534 335 703 414 Ampliores
725 339 864 416 quosdam
887 341 1015 418 calices,
1040 361 1124 420 quam

70 418 219 495 impetrati
249 426 347 494 erant,
378 420 492 496 positos
515 420 542 477 in
562 419 713 499 plerisque
737 423 868 483 castellis
889 427 1003 501 iuveni,
1034 437 1063 485 et
1085 446 1124 489 ex

69 503 119 561 iis¹
142 501 258 580 aliquos
289 519 326 560 ne
355 503 487 578 signatos
516 505 641 581 quidem.
693 505 835 579 Quotiens
863 517 960 568 autem
991 511 1122 586 signatus

69 585 149 646 calix
174 586 294 645 excedit
315 585 474 663 legitimam
495 605 673 663 mensuram,
696 589 813 649 ambitio
831 595 1049 669 procuratoris,
1073 597 1122 672 qni

69 687 137 729 eum
165 669 307 745 signavit,
335 671 498 746 detegitur:
529 689 594 730 cum
617 691 689 733 vero
712 692 749 733 ne
773 677 902 751 signatus
925 677 1042 754 quidem
1063 687 1120 755 est,

67 752 223 813 manifesta
246 753 332 831 culpa
353 755 495 829 omnium,
522 756 645 815 maxime
666 758 855 835 accipientis,
879 760 1119 838 deprehenditur,

68 838 176 898 deinde
196 837 285 896 vilici.
330 837 362 898 ln
379 836 566 916 quibusdam,
589 858 654 899 cum
672 841 783 900 calices
799 842 947 919 legitimae
964 863 1119 906 mensurae

67 923 175 997 signati
198 931 312 996 essent,
335 924 430 980 statim
451 922 601 999 amplioris
619 924 728 983 moduli
750 926 864 985 fistulae
885 926 1036 989 subiectae
1056 929 1118 989 lue·

67 1015 151 1065 runt:
181 1005 258 1064 unde
286 1005 451 1080 acciderat,
482 1014 512 1064 ut
538 1023 629 1083 aqua,
658 1024 716 1065 non
739 1026 792 1086 per
813 1008 971 1086 legitimum
995 1014 1119 1090 spatium

67 1078 216 1163 coercita,
240 1089 292 1149 sed
317 1090 498 1167 perbreves
520 1092 668 1165 angustias
688 1109 847 1168 expressa,
870 1093 959 1154 la'cile
975 1095 1118 1155 laxiorem

66 1176 96 1232 in
115 1175 249 1249 proximo
271 1173 397 1232 fistulam
419 1173 563 1250 impleret.
608 1174 740 1251 Ideoque
761 1175 832 1235 illud
848 1175 957 1252 adbuc,
981 1180 1116 1254 quotiens

66 1259 198 1333 signatur
221 1257 314 1332 calix,
340 1257 508 1334 diligentiae
531 1257 714 1318 adiciendum
735 1267 797 1332 est,
820 1268 851 1317 ut
865 1259 979 1318 fistulae
998 1278 1116 1339 quoque

65 1342 218 1420 proximae
239 1359 292 1419 per
315 1343 453 1419 spatium,
478 1341 555 1419 quod
577 1350 695 1400 senatus
717 1342 850 1401 consulto
871 1343 1116 1420 comprehensum

64 1426 205 1500 diximus,
235 1427 395 1502 signentur.
440 1425 482 1485 lta
510 1425 624 1485 demum
653 1426 729 1485 enim
756 1426 877 1502 vilicus,
909 1444 973 1486 cum
1002 1428 1114 1505 scierit,

64 1526 123 1568 non
142 1509 228 1569 aliter
249 1528 335 1587 qnam
355 1510 487 1587 signatos
511 1509 661 1569 conlocari
680 1508 809 1588 debere,
833 1511 909 1570 omni
933 1510 1045 1571 carebit
1063 1530 1113 1572 ex·

65 1596 226 1653 cusatione.

153 1679 222 1739 113.
269 1677 354 1738 Circe
378 1678 577 1739 conlocandos
595 1697 713 1759 quoque
730 1678 839 1739 calices
855 1677 1009 1739 observari
1024 1696 1112 1758 opor·

63 1770 123 1836 tet,
150 1771 180 1821 ut
201 1762 237 1821 ad
258 1763 363 1822 lineam
385 1762 568 1838 ordinentur,
594 1781 649 1823 nec
668 1763 787 1823 alterius
807 1762 929 1825 inferior
952 1763 1046 1839 calix,
1070 1762 1112 1822 al·

63 1847 154 1905 terius
176 1848 312 1924 superior
333 1855 466 1922 ponatur.
511 1845 635 1904 Inferior
658 1846 724 1922 plus
746 1846 846 1912 trabit;
871 1847 1023 1923 superior,
1045 1847 1112 1922 quia

62 1948 166 1988 cursus
185 1947 278 2007 aquae
298 1929 335 1988 ab
355 1929 494 1987 lnleriore
509 1930 636 2005 rapitur,
657 1929 750 1986 minus
767 1927 857 1986 ducit.
881 1927 914 1985 ln
930 1929 1111 2005 quorundam

61 2013 167 2072 fistulis
188 2032 225 2072 ne
249 2013 359 2071 calices
385 2011 501 2088 quidem
525 2012 613 2086 positi
635 2010 730 2068 luere.
775 2009 837 2068 llae
857 2009 973 2070 fistulae
996 2011 1111 2071 solutae

59 2104 220 2169 vocantur,
244 2104 290 2170 et,
317 2104 347 2155 ut
368 2095 488 2171 aquario
509 2092 608 2168 libuit,
632 2093 765 2152 laxantur
785 2093 836 2152 vel
858 2101 1035 2153 coartantur.

151 2180 220 2238 114.
266 2178 370 2238 Adbuc
406 2178 457 2238 illa
495 2177 679 2254 aquariorum
710 2175 904 2236 intolerabilis
935 2176 1014 2236 lraus
1046 2186 1108 2237 est:

58 2262 200 2324 translata
214 2264 243 2322 in
257 2280 363 2322 novum
378 2278 689 2340 possessoremque,
712 2259 844 2319 foramen
860 2277 964 2333 novum
984 2260 1108 2320 castello

58 2351 223 2426 imponunt;
255 2356 340 2407 vetus
364 2347 545 2426 relinquunt,
574 2362 633 2424 quo
658 2345 792 2404 venalem
817 2344 970 2404 extrahunt
994 2362 1107 2422 aquam.

57 2433 91 2492 ln
109 2434 208 2510 primis
229 2449 301 2510 ergo
320 2431 377 2492 boo
400 2448 517 2511 quoque
541 2426 749 2489 emendandum
771 2429 1106 2496 curatori''crediderim;

58 2532 117 2575 non
146 2519 221 2576 euim
246 2518 339 2577 solum
360 2516 398 2576 ad
423 2517 550 2593 ipsarum
573 2531 711 2590 aquarum
736 2514 914 2590 custodiam,
945 2513 1107 2573 sedetiam

57 2600 95 2660 ad
124 2601 239 2660 castelli
268 2601 389 2662 tutelam
415 2602 559 2680 pertinet,
581 2598 688 2677 quod,
721 2597 844 2658 subinde
874 2607 904 2656 et
931 2599 995 2657 sine
1017 2614 1106 2657 causa

55 2684 197 2757 foratum,
218 2687 343 2744 vitiatur.

145 2766 215 2825 115.
260 2766 353 2827 Etiam
375 2766 426 2825 ille
446 2766 631 2844 aquariorum
645 2762 793 2824 tollendus
810 2771 855 2821 est
871 2761 997 2835 reditus,
1019 2779 1106 2840 quem

54 2858 163 2910 vocant
177 2859 292 2927 puncta.
323 2849 424 2925 Longa
438 2867 473 2910 ac
488 2849 604 2911 diversa
621 2855 685 2906 sunt
700 2847 811 2924 spatia,
832 2864 886 2924 per
899 2863 974 2922 quae
991 2845 1105 2906 fistulae

55 2943 117 2994 tota
137 2941 233 2993 meant
251 2932 341 3008 urbe,
370 2933 496 2992 latentes
518 2931 571 2990 sub
591 2931 686 2990 silice.
730 2928 789 2989 Has
806 2929 937 3006 comperi
957 2946 1012 3006 per
1027 2946 1103 3004 eum,

13 3018 16 3023 ’
55 3021 105 3096 qui
125 3016 329 3095 adpellabatur
350 3034 366 3075 a
387 3016 517 3093 punctis,
541 3016 649 3093 passim
673 3012 898 3072 convulneratus
921 3012 1053 3073 omnibus
1076 3015 1104 3074 in

53 3103 175 3161 transitu
196 3099 443 3178 negotiationibus
461 3097 633 3177 praebuisse
649 3096 847 3175 peculiaribus
863 3095 967 3155 fistulis
984 3115 1102 3176 aquam:

54 3201 113 3262 quo
144 3185 344 3260 efficiebatur,
375 3192 406 3244 ut
434 3183 559 3258 exiguus
585 3181 688 3240 modus
716 3180 753 3240 ad
779 3198 850 3240 usus
876 3179 1012 3258 publicos
1034 3200 1101 3260 per·
1181 3197 1183 3202 ·

54 3270 177 3329 veniret.
222 3269 367 3343 Quantum
392 3285 429 3326 ex
455 3265 511 3325 bac
539 3264 741 3325 emendatione
766 3283 860 3345 aquae
882 3274 1029 3327 servatum
1053 3266 1101 3337 sit,

53 3354 176 3413 aestimo
204 3371 243 3413 ex
269 3370 323 3428 eo,
353 3351 430 3430 quod
460 3349 637 3429 aliquantum
660 3348 785 3428 plumbi,
813 3349 936 3410 sublatis
960 3348 1101 3410 eiusmodi

53 3436 157 3513 ramis,
180 3437 329 3497 redactum
352 3446 407 3498 est.

96 3556 214 3598 secun.
240 3556 353 3598 sunna.
873 3532 898 3588 (ὃ
