2438 3848
85 164 127 223 te
415 172 491 220 ssx.
512 172 602 220 suun
629 171 799 220 naonrrnr

86 329 208 389 interius
231 334 380 402 scutatos,
408 326 436 385 in
457 324 652 386 remotissimo
682 325 812 403 equites,
841 341 880 383 ne
901 323 1017 384 fremitu
1038 342 1130 404 equo·

86 430 149 474 rum
180 411 306 489 cogitata
333 409 544 488 proderentur:
571 410 727 486 quiescere
747 425 848 467 omnes
870 407 987 467 silentio
1010 417 1130 470 servato

87 498 117 557 in
144 495 244 555 boram
268 495 382 555 tertiam
411 494 469 553 diei
495 492 604 552 iubent.
647 490 722 552 'Cum
749 491 853 552 deinde
882 492 1052 569 Pompeiani
1082 510 1129 552 se·

89 581 150 640 curi
180 581 350 657 curvarique
373 576 480 655 pabulo
505 576 542 636 de
567 574 661 636 reditu
690 576 871 652 cogitarent,
902 584 931 634 et
956 577 976 634 ii
998 593 1129 653 quoque,

89 665 137 743 qui
159 665 188 722 in
209 664 333 722 statione
355 660 488 735 fucrant,
518 661 616 738 quiete
639 660 748 718 invitati
771 659 807 718 ad
829 659 965 736 pabulum
987 660 1130 736 colligen-

88 748 154 807 dum
174 745 384 812 dilaberentur;
408 745 506 802 emissi
525 745 647 822 primum
668 742 788 820 Hispani
807 743 966 802 velocitate
982 744 1085 819 gentili
1103 745 1131 802 iu
1155 748 1161 760 “

89 829 223 908 palantes
240 828 439 903 effunduntur,
463 836 493 887 et
509 828 719 887 convulnerant
735 826 970 905 confunduntque
985 826 1057 886 nihil
1071 827 1131 887 talc

89 920 314 990 exspectantes:
337 912 418 989 prius
430 910 552 987 deinde,
576 929 660 990 quam
679 912 776 970 resisti
792 909 837 968 bis
858 910 1048 988 inciperetur,
1064 929 1130 969 scu·

88 998 140 1055 tati
162 1004 315 1073 erumpunt
336 1014 353 1054 e
381 995 470 1070 silva,
499 1003 528 1053 et
549 994 706 1054 redeuntes
733 995 761 1053 in
790 993 921 1053 ordinem
943 1002 1132 1054 consternunt

88 1088 278 1159 vertuntqne;
302 1077 478 1156 fugientibus
493 1080 608 1156 equites
622 1078 757 1152 immissi,
777 1085 839 1136 toto
859 1095 912 1137 eos
934 1080 1048 1155 spatio,
1073 1094 1131 1156 quo

89 1163 237 1224 redibatur
265 1166 294 1223 in
321 1172 433 1237 eastra,
462 1163 612 1240 persecuti
639 1162 771 1221 caedunt.
817 1159 893 1220 Cura
919 1170 977 1220 tum
1001 1179 1131 1239 quoque,

89 1266 126 1307 ne
149 1250 213 1327 quis
232 1248 391 1324 effugeret:
413 1264 477 1305 nam
497 1245 604 1323 reliqui
622 1245 738 1305 ducenti
765 1252 795 1303 et
817 1245 1025 1322 quinquaginta
1052 1245 1132 1323 equi·

90 1341 151 1407 tes,
173 1334 326 1409 praemissi
347 1330 435 1390 facile
457 1348 511 1407 per
532 1329 703 1407 compendia
722 1329 853 1388 itinerum
874 1329 975 1388 effusis
997 1328 1132 1404 habenis,

91 1425 244 1492 autequam
262 1414 299 1473 ad
320 1421 416 1472 castra
438 1412 567 1489 Pompeii
588 1414 809 1490 perveniretur,
834 1413 970 1471 conversi
994 1429 1132 1472 occurre-

92 1506 156 1556 runt
179 1499 239 1571 eis,
263 1497 312 1574 qui
331 1497 413 1573 primi
434 1494 578 1572 fugerant.
622 1494 669 1555 Ad
689 1497 770 1555 cuius
790 1497 833 1554 rei
856 1514 973 1554 sensum
991 1494 1133 1575 Pompeio

92 1581 240 1640 emittente
262 1578 409 1654 legionem
426 1596 489 1637 cum
504 1577 540 1637 D.
553 1577 653 1637 Laelio
674 1581 702 1638 in
722 1579 898 1657 praesidium
913 1597 1048 1655 suorum,
1066 1580 1132 1639 sub·

93 1664 170 1724 ducti
198 1664 226 1720 in
251 1662 383 1722 dextrum
412 1660 503 1735 latus,
533 1662 614 1721 velut
638 1661 789 1738 fugerent,
819 1671 972 1723 cesserunt
1002 1665 1132 1741 equites:

93 1746 215 1821 deinde,
246 1763 310 1804 cum
332 1746 370 1804 ita
395 1744 542 1820 legionem
566 1745 639 1805 bano
662 1764 678 1806 a
700 1755 785 1823 tergo
809 1747 995 1822 infestarent,
1018 1748 1133 1827 iamque

94 1831 179 1889 etiam
198 1847 215 1888 a
234 1829 329 1888 fronte
345 1829 393 1907 qui
407 1828 595 1905 pabulatores
609 1833 758 1908 persecuti
778 1838 860 1891 eraitt
879 1832 1072 1906 incursarent,
1091 1826 1134 1889 sic

92 1914 180 1990 legio·
194 1930 311 1991 quoque
336 1914 412 1972 iuter
433 1913 504 1973 duas
526 1914 606 1973 acies
628 1913 752 1974 bostium
776 1933 840 1974 cum
863 1915 962 1991 legato
984 1932 1038 1974 suo
1063 1913 1134 1973 elisa

24 1992 29 2001 ’
95 2007 155 2057 est:
177 1998 310 2057 adonius
329 1998 503 2075 praesidium
520 1997 659 2075 Pompeio
681 2007 780 2059 totum.
794 1998 938 2058 educente
961 2000 1134 2070 exercitum,

94 2083 242 2142 Sertorius
266 2099 422 2160 quoquee
452 2080 576 2141 collibus
600 2097 669 2140 suos
691 2083 848 2141 instructos
872 2082 998 2141 ostendit
1021 2082 1135 2141 effecit·

95 2184 170 2244 que,
197 2184 234 2225 nc
256 2166 396 2243 Pompeio
426 2165 529 2242 egredi
552 2166 721 2242 expediret;
753 2173 783 2224 et
810 2166 849 2224 ita
880 2175 998 2243 praeter
1025 2164 1136 2243 duplex

95 2250 244 2322 damnum,
276 2248 377 2307 cadem
405 2248 538 2307 sollertia
560 2248 685 2323 illatum,
711 2256 908 2327 spectatorem
930 2265 1047 2326 quoque
1070 2265 1135 2307 eum

96 2332 187 2391 cladis
211 2348 328 2388 suorum
356 2332 504 2390 continuit.
548 2330 612 2390 Hoc
632 2333 752 2409 primum
772 2332 916 2409 proelium
936 2333 1011 2391 inter
1033 2332 1135 2391 Serto·

95 2415 167 2472 rium
195 2421 225 2471 et
245 2412 413 2488 Pompeium
441 2412 508 2471 fuit:
539 2414 642 2472 decem
671 2415 748 2473 milia
773 2415 922 2474 bominum·
946 2415 982 2474 de
1005 2415 1136 2493 Pompeii

97 2498 230 2556 exercitu
250 2495 356 2555 amissa
382 2503 411 2553 et
433 2495 527 2554 omniu
548 2497 768 2575 impedimenta,
789 2498 886 2558 Livius
909 2506 1088 2558 auctorest.

155 2634 158 2639 .
180 2579 231 2639 32.
274 2577 430 2656 Pompeius
457 2581 487 2637 iu
510 2578 664 2657 Hispania,
688 2582 836 2659 dispositis
859 2591 926 2641 ante
956 2583 1005 2660 qui
1027 2599 1066 2641 ex
1087 2598 1136 2640 oe·

96 2664 175 2723 culto
197 2661 441 2737 adgrederentur,
462 2663 594 2721 simulato
613 2674 691 2724 metu
711 2665 829 2724 deduxit
849 2668 1001 2725 instantem
1023 2665 1138 2724 bostem

96 2748 126 2805 in
152 2744 220 2804 loca
248 2746 376 2812 insessa;
404 2745 509 2806 deinde
534 2745 583 2805 ubi
610 2766 659 2807 res
688 2750 826 2826 poposcit
850 2766 1027 2824 conversus,
1058 2749 1138 2808 etin

97 2829 194 2889 fronte
216 2837 246 2887 et
266 2829 397 2905 utrisque
421 2828 561 2890 lateribus
585 2832 622 2892 ad
644 2833 873 2892 internecionem
902 2831 1024 2908 cecidit,
1051 2840 1138 2909 capto

99 2915 184 2973 etiam
207 2911 283 2972 duce
305 2928 405 2971 eorum
424 2912 582 2992 Perperna.

184 2994 234 3055 33.
278 2994 358 3055 ldem
378 2996 519 3057 adversus
536 2997 731 3057 blitbridatem
746 2999 774 3056 iu
792 2997 944 3074 Armenia,
967 3015 1089 3058 numero
1110 3007 1140 3057 et

99 3096 211 3156 genere
238 3080 364 3155 equitum
388 3081 624 3157 praevalentem,
653 3082 709 3141 tria
729 3081 806 3141 milia
828 3080 904 3141 levis
924 3091 1088 3142 armaturae
1111 3089 1141 3140 et

101 3163 277 3240 quingentos
304 3163 419 3240 equites
446 3172 534 3225 nocte
561 3165 591 3223 iu
616 3164 694 3224 valle
720 3164 774 3224 sub
795 3165 945 3243 virgultis,
971 3182 1047 3244 quae
1066 3165 1141 3226 inter

101 3244 168 3304 bina
190 3253 284 3304 castra
305 3246 401 3322 eraint,
424 3247 584 3326 disposuit:
606 3248 697 3326 prima
719 3247 825 3308 deinde
847 3248 914 3309 luce
935 3251 965 3308 in
985 3249 1142 3309 stationem

101 3328 226 3388 bostium
249 3331 342 3389 emisit
364 3331 478 3408 equites
504 3332 543 3391 ita
565 3330 722 3406 formatos,
746 3341 794 3406 ut,
815 3350 878 3392 cum
900 3334 1053 3392 universus
1076 3351 1141 3393 cum

102 3414 233 3473 exercitu
260 3412 384 3473 bostium
412 3416 556 3492 equitatus
579 3413 723 3492 proelium
743 3415 860 3491 inisset,
889 3417 1013 3476 servatis
1034 3415 1142 3478 ordini·
