2438 3848
128 182 149 242 4
465 196 541 244 suu.
564 196 653 245 1uu11
675 196 845 244 anonsmu

130 351 170 408 vit
192 349 374 411 adolescenti
395 351 569 431 Tarquinio,
587 352 655 428 quid
674 360 809 428 agentem
827 359 939 428 patrem
953 350 1086 410 vidisset.
1120 351 1174 411 llle

128 434 293 508 intellexit,
316 438 392 497 idem
412 454 480 497 esse
502 434 693 495 eminentibus
716 435 833 495 Gabinis
856 434 1030 494 laciendum.

216 519 245 577 5.
275 517 308 578 C.
344 519 472 595 Caesar,
503 520 582 597 quod
612 527 779 597 suspectam
805 518 931 578 habebat
960 518 1174 597 Acgyptiorum

128 602 232 676 lidem,
243 621 298 681 per
309 605 441 683 speciem
457 604 636 675 securitatis,
653 604 837 681 inspectione
849 601 929 661 urbis
940 611 1027 680 atque
1039 620 1171 682 operum,

129 704 163 744 ac
186 686 270 745 simul
293 687 493 747 licentioribus
513 687 655 746 conviviis
674 686 805 761 deditus,
827 686 920 746 videri
942 687 1035 746 voluit
1057 697 1171 765 captum

128 787 197 829 sese
222 771 315 845 gratia
333 771 480 845 locorum,
499 779 530 829 ut
549 772 585 831 ad
601 787 699 830 mores
721 770 937 830 Alexandrinos
954 772 1101 849 vitamque
1122 771 1171 830 de·

128 853 247 911 liceret:
271 863 358 932 atque
374 856 449 914 inter
468 872 532 913 eam
549 853 806 914 dissimulationem
830 856 1012 932 praeparatis
1033 854 1171 914 subsidiis

128 938 284 1015 occupavit
304 936 480 1016 Aegyptum.
529 1014 532 1019 ι

214 1020 244 1079 6.
267 1020 419 1082 Ventidius
447 1020 581 1081 Parthico
608 1019 690 1079 bello
719 1020 859 1081 adversus
884 1020 1025 1081 Pacorum
1056 1040 1168 1100 regem,

128 1120 187 1162 non
209 1106 341 1182 ignarus,
364 1105 548 1166 Channaeum
575 1105 744 1183 quemdam,
774 1107 890 1164 natione
920 1104 1101 1181 Cyrresten,
1132 1125 1169 1165 ex

128 1189 164 1248 iis
185 1190 233 1267 qui
254 1191 329 1249 socii
351 1190 540 1264 videbantur,
572 1190 665 1249 onmia
696 1206 771 1266 quae
799 1189 875 1266 apud
899 1191 981 1268 ipsos
1013 1199 1170 1266 agerentur

127 1275 259 1332 nuntiare
274 1274 404 1349 Parthis,
415 1275 566 1353 perfidiam
587 1273 705 1332 barbari
720 1273 755 1332 ad
771 1274 908 1332 utilitates
929 1291 996 1332 suas
1012 1275 1167 1333 convertit.

125 1355 199 1415 Nam
221 1376 295 1435 quae
317 1360 440 1419 mhxime
463 1360 527 1417 lieri
544 1355 695 1434 cupiebat,
713 1374 748 1416 ea
770 1357 867 1416 vereri
888 1375 921 1416 se
938 1376 975 1416 ne
988 1358 1167 1437 acciderent,
1188 1433 1190 1437 Α

44 1493 52 1506 ,
129 1456 203 1516 quae
223 1441 357 1517 timebat,
382 1460 418 1501 ea
440 1451 470 1500 ut
495 1442 646 1499 evenirent
678 1449 780 1518 optare
809 1440 971 1500 simulabat.
1017 1440 1168 1500 Sollicitus

125 1525 241 1600 itaque,
264 1541 300 1582 ue
319 1524 415 1584 Parthi
436 1532 501 1584 ante
521 1525 676 1583 transirent
691 1522 875 1601 Euphraten,
895 1543 979 1602 quarn
995 1524 1051 1583 sibi
1065 1542 1167 1604 super·

126 1602 259 1666 venirent
281 1608 414 1684 legiones
438 1625 509 1685 quas
531 1608 560 1665 in
578 1605 765 1686 Cappadocia
785 1617 863 1667 trans
884 1607 1008 1668 'laurum
1029 1607 1166 1683 habebat,

127 1691 259 1751 studiose
283 1709 347 1750 curn
370 1693 519 1770 proditore
545 1691 621 1767 egit,
646 1692 687 1750 uti
706 1691 820 1751 solenni
836 1692 957 1770 perlidia
973 1692 1086 1752 Parthis
1102 1711 1166 1752 sua·

125 1774 224 1849 deret,
248 1792 302 1852 per
316 1775 444 1852 Zeugma
466 1776 624 1835 traicerent
641 1776 817 1850 exercitum,
843 1794 900 1854 qua
918 1785 948 1835 et
966 1775 1168 1836 brevissimum

125 1858 181 1917 iter
203 1867 248 1918 est
270 1867 300 1918 et
322 1861 430 1919 omisso
452 1859 538 1919 olveo
558 1857 724 1937 Euphrates
742 1860 886 1919 decurrit:
908 1878 1031 1938 namque
1052 1862 1076 1919 si
1098 1861 1166 1920 illac

123 1942 272 2019 venirent,
304 1944 497 2005 adseuerabat
524 1961 557 2002 se
587 1945 805 2020 opportunitate
835 1944 953 2007 collium
978 1962 1096 2003 usurum
1131 1944 1166 2004 ad

124 2026 288 2087 eludendos
310 2029 491 2106 sagittarios3
516 2028 610 2087 omnia
631 2037 725 2086 autem
744 2028 855 2103 vereri,
874 2028 899 2086 si
922 2047 954 2087 se
976 2028 1050 2088 inira
1071 2029 1100 2087 in
1116 2045 1165 2106 pa·

123 2119 220 2170 tentes
243 2130 362 2191 campos
385 2114 590 2191 proiecissent.
635 2110 746 2170 Inducti
764 2110 818 2171 hac
832 2112 1029 2172 adfirmatione
1049 2111 1165 2172 barbari

124 2195 264 2254 inferiore
284 2198 386 2256 itinere
409 2215 465 2275 per
493 2197 643 2256 circuitum
672 2194 853 2255 adduxerunt
882 2198 1057 2264 exercitum;
1086 2196 1164 2255 dum·

124 2295 181 2355 que
203 2279 331 2338 fusiores
352 2281 432 2358 ripas
456 2289 486 2338 et
508 2278 545 2339 ob
567 2280 624 2338 hoc
646 2280 837 2356 operosiores
859 2290 963 2359 pontes
984 2281 1104 2356 iungunt
1123 2281 1163 2339 in·

123 2371 340 2440 strumentaque
363 2365 532 2436 moliuntur,
563 2362 751 2441 quadraginta
781 2364 903 2442 amplius
931 2365 994 2424 dies
1014 2363 1163 2442 impende-

121 2454 197 2504 runt.
243 2445 308 2518 Quo
325 2448 418 2524 spatio
434 2445 586 2505 Ventidius
601 2445 637 2505 ad
659 2446 870 2508 contrahendas
884 2467 954 2508 usus
976 2455 1021 2506 est
1044 2451 1162 2526 copias:

123 2531 226 2607 eisque
251 2530 363 2603 triduo,
394 2538 547 2608 antequam
574 2529 696 2589 Parthus
726 2531 895 2609 adveniret,
920 2533 1067 2609 receptis,
1099 2534 1162 2591 acie

124 2614 280 2672 commissa
303 2615 372 2672 vicit
393 2613 534 2673 Pacorum
558 2622 587 2672 et
607 2614 765 2674 interiecit.

208 2699 238 2756 7.
258 2695 454 2772 Mithridates,
476 2698 711 2757 circumvallante
738 2698 894 2778 Pompeio,
923 2700 1022 2777 fugam
1043 2701 1072 2758 in
1094 2717 1161 2778 pro-

120 2781 225 2839 xlmam
246 2780 321 2840 diem
343 2782 484 2855 moliens,
511 2781 594 2858 huius
617 2783 731 2841 consilii
756 2781 930 2843 obscurandi
959 2801 1047 2843 causa
1076 2783 1162 2844 latius

122 2873 152 2923 et
174 2883 267 2943 usque
288 2864 324 2923 ad
345 2864 500 2943 adplicitos
522 2864 599 2923 hosti
621 2866 716 2925 vallos
736 2866 906 2943 pabulatus,
924 2867 1071 2944 colloquia
1091 2886 1161 2946 quo·

121 2964 179 3024 que
200 2966 265 3006 curn
286 2947 417 3025 pluribus
441 2948 617 3008 avertendae
642 2950 817 3026 suspicionis
846 2969 933 3011 causa
961 2953 989 3009 in
1013 2961 1162 3028 posterum

121 3033 283 3100 constituit;
316 3034 400 3109 ignes
430 3033 516 3093 etiarn
549 3034 766 3112 frequentiores
796 3052 852 3112 per
881 3045 941 3095 tota
970 3044 1065 3093 castra
1098 3036 1162 3094 lieri

119 3115 212 3174 iussit.
257 3115 392 3177 Secunda
413 3116 518 3178 deiude
545 3117 645 3193 vigilia
673 3125 792 3194 praeter
818 3120 882 3199 ipsa
911 3119 1036 3179 hostium
1066 3130 1161 3180 castra

118 3216 223 3274 agmen
245 3199 354 3258 eduxit.

204 3281 233 3342 8.
255 3282 418 3361 Imperator
446 3282 557 3344 Caesar
584 3283 765 3346 Domitianus
788 3285 937 3363 Augustus
960 3285 1159 3362 Germanicus,

119 3384 182 3425 cum
206 3366 382 3442 Germanos,
411 3369 460 3445 qui
486 3369 624 3427 inarmis
654 3378 753 3443 erant,
776 3370 868 3429 vellet
895 3369 1080 3448 obprimere,
1104 3390 1161 3431 nec

117 3452 265 3528 ignoraret
287 3453 396 3514 maiore
413 3449 520 3511 bellum
538 3451 689 3512 molitione
710 3453 849 3530 inituros,
873 3455 897 3512 si
914 3454 1069 3514 adventum
1090 3457 1160 3516 tanti
