2438 3848
83 166 123 227 60
419 176 605 225 sux.1uuu
628 174 797 224 rnoxrrxr

162 333 184 394 l.
209 331 254 392 De
275 333 427 411 repentino
448 333 567 411 impetu.

150 416 185 481 ll.
207 415 252 476 De
274 417 408 477 fallendis
427 418 479 492 iis,
503 416 552 494 qui
571 414 750 475 obsidentur.

137 500 187 562 lll.
211 500 256 561 De
280 502 433 561 eliciendis
456 501 492 560 ad
515 500 719 578 proditionem.

137 586 187 645 lV.
210 585 267 644 Per
288 603 362 664 quae
386 584 487 644 hostes
510 584 545 644 ad
566 584 693 662 inopiam
714 582 891 661 redigantur.

149 670 185 728 V.
209 668 456 742 Quemadmodum
483 669 710 747 persuadeatur,
741 666 924 739 obsidionem
958 683 1128 745 permansu-

247 770 318 815 ram.

138 834 188 894 Vl.
213 835 259 895 De
281 837 479 896 destructione
500 835 711 913 praesidiorum
733 833 890 894 hostilium.

124 919 189 979 Vll.
212 919 258 979 De
280 919 424 979 fluminum
447 920 627 980 derivatione
649 927 679 977 et
700 919 851 979 vitiatione
872 936 1022 997 aquarum.

111 1002 188 1063 viti.
212 1003 257 1064 De
281 1004 426 1064 iniciendo
449 1003 581 1063 obsessis
604 1019 726 1080 pavore.

141 1089 191 1149 IX.
216 1088 261 1149 De
281 1089 440 1167 irruptione
464 1106 502 1147 ex
524 1089 639 1148 diversa
659 1095 759 1164 parte,
781 1104 866 1164 quam
882 1094 1102 1166 exspectamus.

156 1173 193 1233 X.
217 1173 262 1234 De
284 1174 410 1248 insidiis,
433 1191 488 1251 per
512 1190 584 1251 quas
607 1170 759 1231 eliciantur
780 1169 907 1230 obsessi.

142 1257 193 1318 Xl.
215 1257 259 1318 De
280 1258 462 1317 simulatione
485 1273 650 1334 regressus.

83 1358 130 1419 Ex
153 1359 299 1420 contrario
320 1360 399 1418 circa
421 1356 540 1417 tutelam
562 1355 762 1415 obsessorum.
809 1390 812 1395 <

130 1458 194 1528 XII.
219 1459 264 1518 lle
287 1457 439 1517 excitanda
463 1474 531 1515 cura
552 1473 680 1515 suorum.

121 1541 200 1602 Xlll.
221 1542 267 1600 De
291 1539 448 1600 emittendo
468 1549 498 1598 et
517 1540 689 1616 recipiendo
711 1539 820 1598 nuntio.

120 1624 198 1685 XlV.
222 1625 279 1722 De·
296 1623 511 1683 introducendis
540 1623 654 1682 auxiliis
682 1632 712 1683 et
735 1621 944 1682 commeatibus
965 1641 1129 1702 suggeren-

136 1791 200 1853 XV.
231 1708 478 1867 ngmadmodum
492 1790 652 1867 efficiatur,
673 1799 705 1851 ut
719 1790 866 1851 abundare
878 1790 1041 1867 videantur,
1055 1764 1129 1869 quae

125 1958 202 2020 XVl.
230 1877 424 2035 Qbeaebbbione
447 1958 646 2037 proditoribus
669 1968 698 2019 et
719 1958 877 2038 transfugis
901 1967 1084 2018 occurratur.

113 2042 204 2104 XVll.
230 2045 275 2106 De
299 2044 508 2124 eruptionibus.
602 2061 605 2067 ·

98 2126 202 2189 XVlll.
230 2129 276 2190 De
299 2129 461 2190 constantia
484 2127 683 2188 obsessorum.

511 2310 662 2372 CAPUT
685 2310 709 2372 l.

329 2506 331 2510 Α
396 2441 819 2490 umnmmmmommmu

170 2580 197 2638 1.
238 2578 271 2638 Τ.
294 2578 444 2653 Quinctius
467 2577 586 2655 consul,
607 2579 702 2639 uictis
734 2580 799 2639 acie
821 2578 933 2658 Aequis
964 2589 994 2639 et
1009 2580 1129 2641 Volscis

84 2682 147 2725 cum
166 2662 281 2722 Antium
301 2662 438 2741 oppidum
456 2679 626 2740 expugnare
648 2664 815 2740 statuisset,
837 2664 872 2724 ad
890 2665 1062 2724 concionem
1077 2681 1128 2723 vo·

84 2757 149 2808 cato
177 2747 309 2806 exercitu
337 2747 492 2824 exposuit,
518 2764 602 2825 quam
628 2746 657 2808 id
686 2757 716 2807 et
748 2749 947 2808 necessarium
983 2757 1013 2808 et
1041 2748 1130 2810 iacile

84 2832 226 2908 esset„si
245 2847 303 2889 non
319 2829 500 2890 differretur:
525 2848 621 2909 eoque
634 2832 759 2911 impetu,
779 2850 864 2911 quem
877 2832 1042 2893 exhortatio
1060 2850 1129 2892 con-

83 2917 239 2991 citaverat,
263 2913 421 2991 adgressus
441 2923 486 2974 est
507 2914 618 2975 urbem.

168 3016 198 3075 2.
238 3014 276 3074 bl.
301 3013 373 3076 Cato
401 3017 429 3074 iu
450 3014 588 3094 Hispania
616 3015 817 3076 animadvertit
838 3016 925 3096 potiri
949 3034 981 3076 se
1005 3016 1130 3095 quodam

84 3099 194 3179 oppido
210 3116 319 3178 posse,
343 3102 367 3159 si
390 3101 555 3180 iuopinatus
574 3100 736 3160 invaderet.
782 3100 934 3174 Quatridui
955 3101 1053 3178 itaque
1074 3101 1132 3160 iter

83 3185 171 3244 biduo
189 3201 244 3262 per
264 3184 440 3261 confragosa
464 3193 493 3245 et
515 3185 633 3245 deserta
651 3201 803 3260 emensus,
825 3185 896 3245 nilril
916 3185 977 3245 tale
999 3193 1130 3245 metuen-

82 3278 129 3328 tes
153 3267 301 3347 obpressit
320 3268 432 3328 bostes.
476 3268 644 3346 Victoribus
662 3267 768 3330 deinde
790 3271 851 3330 suis
870 3286 987 3329 causam
1009 3278 1068 3330 tam
1088 3269 1130 3328 ia·

84 3352 149 3414 cilis
169 3361 290 3412 eventus
310 3352 525 3430 requirentibus
542 3352 630 3428 dixit,
650 3361 718 3413 tunc
737 3354 805 3416 illos
824 3353 977 3415 victoriam
992 3353 1130 3434 adeptos,

84 3456 148 3499 cum
171 3437 314 3516 quatridui
333 3438 388 3497 iter
409 3437 497 3497 biduo
521 3436 690 3515 eripuerint.
