2438 3848
523 196 699 248 amnonis.
1094 204 1133 251 XI

81 356 156 412 Intra
167 356 382 428 tamea-scripsi,
395 371 447 428 pro
465 354 584 416 uenum
615 359 669 414 Pro
681 357 781 424 redire,
794 357 871 431 quod
881 360 1021 432 vulgatur,
1038 377 1133 417 emen-

83 440 150 498 davi
173 441 344 519 praedatum
363 443 419 497 ire:
445 458 510 497 nam
525 459 560 498 ea
582 449 642 499 erat
663 443 838 500 consuetudo
859 444 982 517 equitum
1004 443 1132 501 Sertorii.

82 523 161 578 Idem
181 528 299 582 verbum
312 527 498 598 corrumpitur
514 529 597 583 etiam
611 527 656 583 111.
673 531 715 597 16,
733 533 776 586 13.
799 519 813 609 Η
833 543 869 584 ne
881 530 1035 586 solveretur
1049 530 1131 599 disc.)

82 608 147 663 Mea
165 608 326 664 emendatio
352 615 404 667 est.
429 610 519 666 Libri:
539 612 614 682 quod
630 627 693 667 cum
709 613 815 669 soluere
832 613 900 669 dise.
929 610 1003 668 auu.
1028 612 1130 668 edidit:

82 693 184 748 aalma
196 707 236 748 ex
249 692 319 748 due.
346 694 491 749 Postremo
506 711 558 766 pro
575 696 724 764 interritos,
741 696 817 768 quod
831 699 970 770 vulgatur,
986 697 1133 752 restituen-

83 774 151 832 dum
168 783 216 832 aut
226 778 352 846 intentos,
365 783 412 832 aut
422 779 515 848 potius
529 780 695 847 ualentiores,
708 797 748 835 so.
760 780 935 854 disciplinae,
952 787 999 837 aut
1009 780 1133 837 hostium

83 859 205 929 insidiis,
223 866 270 915 aut
285 861 406 932 imperio
419 860 544 918 Sertorii.
580 862 622 919 Gi.
646 863 717 931 115,
735 867 763 921 4.
858 859 862 864 ’
966 917 970 924 .

171 945 238 1016 Cap.
254 944 326 1000 XHI.
347 951 373 1003 2.
401 960 516 1018 eamque
534 944 678 1017 sectando)
704 963 740 1003 ex
761 947 837 1004 Med.
859 954 887 1003 et
904 949 983 1005 Leid.
1005 949 1132 1021 reposui,

81 1044 134 1102 pro
147 1030 227 1101 eique
240 1029 398 1086 sectandae.
414 1020 427 1108 Η
441 1036 467 1088 5.
483 1044 519 1085 ne
529 1031 564 1086 en
583 1031 705 1103 subseq.)
724 1032 812 1103 Lipsii
834 1033 1007 1102 coniectura,
1030 1050 1082 1105 pro
1097 1047 1133 1089 ne

83 1126 154 1170 earu
167 1126 236 1185 seq„
252 1106 328 1184 quo‘d
343 1113 422 1169 nihili
437 1121 489 1170 est.
505 1105 520 1194 Η
533 1116 563 1170 in
582 1118 669 1170 armis
686 1121 712 1170 et
726 1117 816 1185 cuin.)
846 1115 894 1172 Sia
909 1133 924 1171 e
943 1116 1026 1172 codd.
1047 1118 1133 1172 vesti·

84 1197 138 1270 giis
152 1196 344 1255 scribendum.
380 1196 418 1254 In
432 1201 520 1254 armis
535 1198 553 1253 i.
570 1215 596 1255 e.
612 1204 736 1254 armatus
755 1199 830 1267 (Liv.
840 1199 878 1257 ·11.
896 1206 946 1258 102
961 1204 1088 1256 arcuatus
1103 1202 1133 1255 in

86 1274 207 1337 mrim
224 1281 359 1351 desiuit),
386 1280 424 1337 de
445 1297 501 1352 qua
522 1283 665 1337 locutione
684 1298 713 1336 v.
734 1283 852 1340 Forcell.
872 1283 941 1338 Lex.
981 1282 1026 1338 Ad
1044 1285 1133 1339 verba

83 1365 279 1422 etauirreribus
289 1380 367 1422 ouer.
380 1367 415 1422 cs.
431 1367 508 1421 Liv.=
523 1358 666 1440 mutuaque
675 1367 943 1439 superincidentibus
953 1367 1063 1424 16115-
1073 1373 1131 1424 tru-

83 1451 167 1506 nauit.
212 1440 312 1504 Brevi:
328 1449 503 1519 „bowuffnet
516 1449 575 1506 und
585 1451 634 1506 mit
640 1451 782 1527 'Wunden
793 1451 945 1508 bedeokt.“

169 1534 230 1590 Lib.
242 1534 287 1593 111.
315 1534 436 1590 Praefat.
451 1536 527 1591 ultro
538 1536 596 1594 urt.'
608 1526 688 1607 mot.)
703 1537 721 1592 i.
738 1553 763 1592 e.
780 1537 884 1592 nullam
901 1537 1046 1592 materiam
1061 1538 1133 1592 ultra

84 1619 231 1674 materiam
247 1618 358 1673 artium.
386 1618 432 1674 An
452 1620 528 1674 ultra
547 1625 656 1675 artem?
676 1620 752 1677 Artis
777 1626 883 1697 tantum
899 1627 1032 1693 respectu
1046 1627 1134 1676 mate·

84 1702 157 1758 riom
168 1703 311 1774 praebent.
325 1695 340 1782 Η
355 1702 503 1773 hostilium)
519 1703 596 1759 Leid.
606 1721 649 1777 pr.
666 1711 692 1762 et
707 1705 762 1774 alii,
784 1722 836 1778 pro
852 1704 977 1762 usuam.
1079 1758 1083 1764 .

171 1787 239 1856 Cap.
259 1785 281 1842 Ι.
303 1794 337 1846 1:
363 1790 505 1858 etneees.)
527 1794 553 1844 et
573 1804 609 1843 ex
624 1805 679 1847 ms.
694 1789 843 1846 Gronovii:
871 1805 950 1845 more
966 1789 1101 1845 Frontini.
1117 1779 1131 1865 Η

84 1871 251 1943 eripuerint)
267 1870 323 1927 ie.
339 1873 620 1944 praeoccupaverint.
667 1894 692 1933 ·.
904 1890 909 1899 ·
1199 1930 1201 1951 ,

114 1960 122 1977 ’
172 1954 242 2025 Cap.
259 1954 291 2009 11.
310 1958 338 2013 6.
358 1957 468 2027 Aprip.)
489 1957 575 2013 Error
599 1958 688 2030 ipsius
710 1958 848 2025 auctoris,
871 1961 901 2010 ut
921 1956 1043 2010 videtur.
1084 1953 1132 2010 Ad

86 2037 212 2095 Catinam
230 2054 276 2093 res
291 2040 418 2110 pertinet.
435 2028 710 2112 Polyaen“·1,4o,t.
728 2032 740 2116 Η
757 2044 784 2098 9.
801 2038 928 2117 Soanda)
943 2038 984 2093 lta
997 2039 1059 2093 itin.
1074 2039 1132 2093 An·

84 2126 142 2180 ton.
164 2128 193 2177 et
208 2121 300 2179 Strab.
327 2123 421 2196 Vulgo
445 2122 579 2179 Suerniuss'·
594 2115 607 2201 Η
638 2130 681 2182 10.
703 2123 910 2195 deposueram)
932 2121 1027 2176 Recte.
1057 2121 1133 2176 Vide

84 2212 179 2263 meam
196 2205 291 2264 adnot.
311 2206 350 2263 ad
362 2208 458 2262 Daret.
474 2204 581 2280 Pliryg.
597 2224 625 2279 p.
639 2211 682 2265 45.
699 2199 712 2286 Η
726 2214 770 2266 ll.
782 2199 932 2262 Saniorum
946 2208 975 2262 in
987 2207 1036 2278 p.)
1048 2205 1133 2278 Vulg.

84 2291 113 2346 in
129 2291 289 2348 Samiorum
298 2307 333 2362 p.
361 2289 420 2347 Sed
434 2293 547 2363 plurimi
562 2292 625 2348 libri
639 2308 696 2346 non
711 2297 871 2364 agnoscunt
885 2305 919 2346 eo
934 2292 997 2347 loco
1012 2306 1133 2362 praepo·

85 2375 226 2431 sitioncm.
256 2372 332 2449 Sane
346 2378 414 2431 urbs
427 2377 480 2432 sita
495 2376 532 2431 ad
547 2377 639 2432 sinum
651 2375 832 2449 Singitioumz
849 2391 922 2447 quae
937 2391 1022 2448 quum
1036 2375 1143 2431 Mace.

85 2457 190 2514 (ioniae
219 2459 269 2528 sit,
282 2452 461 2516 'Timarchus
486 2466 578 2516 autem
609 2461 706 2517 habitu
736 2461 922 2517 Macedonico
951 2461 1132 2532 reciperetur,

84 2549 161 2601 recte
178 2559 210 2598 se
224 2542 338 2600 habebit
353 2543 513 2604 Saniorum.
549 2543 588 2603 Gi.
609 2546 681 2601 intra
695 2562 757 2616 cap.
772 2551 797 2612 3,
813 2549 840 2603 5.
1067 2552 1071 2559 “

172 2625 241 2698 Cap.
254 2627 299 2684 111.
317 2634 341 2686 1.
350 2629 502 2700 potiretur)
518 2628 588 2685 Cod.
609 2629 689 2685 Goth.
708 2634 861 2701 poteretur.
887 2627 955 2684 Vid.
979 2627 1073 2682 Haase
1096 2625 1139 2681 ad'

84 2706 211 2783 Reisig’s
226 2711 337 2768 Vorles.
361 2715 431 2768 uber
452 2713 499 2767 iat.
519 2712 639 2784 Spraoh·
660 2730 688 2785 p.
707 2719 769 2772 251.
795 2703 808 2790 Η
830 2716 856 2770 4.
879 2713 1004 2783 Dareus)
1025 2710 1134 2766 restitui

84 2797 152 2868 (pro
165 2794 281 2868 Cyrus),
296 2796 362 2866 quia
377 2795 484 2852 admitti
503 2813 558 2851 non
574 2804 667 2869 potest
683 2798 788 2869 opinio,
802 2796 936 2852 Frontino
951 2797 1042 2852 tritam
1059 2795 1134 2851 hano
1175 2848 1181 2861 ,

84 2895 146 2936 rem
161 2880 289 2952 ignotam
301 2880 404 2948 tuisse;
426 2885 523 2936 contra
544 2882 673 2937 librarios
688 2883 742 2936 vel'
759 2880 905 2937 notissima
921 2881 1034 2935 nomina
1052 2878 1136 2934 toede

85 2979 280 3035 corrumpere,
296 2964 365 3020 satis
381 2980 521 3036 superque
543 2966 600 3021 iam
614 2965 784 3022 audivimus.
805 2955 819 3044 Η
842 2965 1018 3031 adsentante)
1040 2964 1136 3033 „Trou

84 3047 146 3104 und
161 3047 288 3104 Glauben
309 3063 346 3102 an
368 3048 415 3104 die
432 3049 558 3104 erlittene
571 3050 663 3107 Unbill
682 3048 881 3104 schmeichelta
905 3049 967 3106 sich
986 3048 1032 3103 bei
1049 3049 1137 3105 ihnen

86 3122 213 3205 allmi'lig
227 3132 302 3187 ein.“
316 3123 331 3213 Η
346 3131 462 3203 hostem)
480 3135 537 3189 Aut
550 3133 604 3191 hoc
617 3132 807 3203 inserendum,
826 3140 874 3190 aut
887 3134 959 3189 inira
973 3149 1024 3205 pro
1036 3136 1065 3189 in
1076 3148 1137 3189 eum

85 3214 239 3291 legendum
260 3222 304 3272 est
325 3218 354 3273 in
373 3214 487 3273 hostem.
512 3208 527 3297 Η
551 3224 576 3276 5.
597 3227 622 3274 et
637 3216 730 3291 cons.)
755 3217 842 3290 Vulg.
863 3217 1010 3291 Confestim
1031 3217 1137 3273 deinde.

87 3298 147 3357 Sed
163 3300 261 3356 deinde
277 3301 358 3357 abest
378 3303 412 3356 ab
428 3301 539 3373 optimis
555 3303 649 3370 libris,
674 3309 757 3373 atque
773 3306 801 3357 et
813 3305 976 3373 absorptum
995 3307 1038 3356 est
1061 3302 1138 3355 exitu

84 3383 222 3456 pra'eced.
238 3385 327 3440 verbi.
342 3376 358 3466 Η
372 3380 523 3457 51113εὲ-
533 3387 768 3454 subministrabat)
790 3386 831 3444 Ita
845 3386 921 3442 Med.
934 3401 991 3456 pr„
1005 3384 1094 3440 Palat.
1111 3374 1139 3436 et

84 3467 210 3543 Lipsius.
236 3470 323 3543 vulg.
336 3470 393 3545 ipsi
398 3469 697 3529 -ruimimstrabant
718 3456 780 3551 ΗῚ
797 3472 873 3543 enm)
892 3467 1022 3534 inseruit
1035 3470 1145 3522 contra
