2438 3848
292 170 635 223 ernnruouuaurcon
657 172 727 221 arn.
749 171 787 220 11.
814 171 891 221 car.
913 174 947 222 v.
1100 162 1140 222 45

97 328 183 388 stium
206 334 319 402 castra,
341 326 486 404 Syphacis
501 336 531 386 et
550 324 845 404 Carthaginiensium,
869 328 968 387 statuit
986 327 1141 406 Syphacis,

95 411 145 471 ubi
168 410 258 470 multa
285 411 426 470 incendiis
450 411 586 471 alimenta
607 421 706 486 erant,
736 410 857 487 adgredi
880 419 967 470 nocte
987 413 1142 492 ignemque

96 497 227 569 inicere,
254 503 287 553 ut
313 511 348 553 ea
370 511 403 552 re
424 493 562 554 Numidas
587 497 703 573 quidem
726 513 765 554 ex
788 496 847 554 suis
870 496 974 554 castris
996 496 1141 574 trepidan-

94 588 143 639 tes
167 579 324 653 caederet,
354 577 470 637 Poenos
492 588 605 653 autem,
635 595 709 657 quos
734 587 845 637 certum
872 587 935 638 erat
964 578 1000 638 ad
1021 596 1141 640 succur-

94 662 217 722 rendum
232 662 322 720 sociis
336 674 543 738 procursuros,
557 663 668 722 insidiis
682 664 830 741 dispositis
843 664 1006 741 exciperet.
1029 663 1141 723 Utrum-

96 764 155 825 que
173 763 212 805 ex
233 747 378 805 sententia
397 747 424 804 ei
442 749 546 805 cessit:
571 763 635 806 nam
654 754 798 825 tamquam
818 747 853 806 ad
872 745 1020 807 fortuitum
1041 749 1153 807 lucen·-

95 831 173 890 dium
195 829 259 888 sine
281 829 369 888 armis
386 838 595 907 procurrentes
619 828 738 889 adortus
759 829 875 889 cecidit.

182 911 233 972 30.
278 911 474 986 Mithridates,
496 931 512 972 a
526 912 648 973 Lucullo
665 914 771 973 virtute
785 913 958 991 frequenter
973 924 1139 992 superatus,

94 995 207 1056 insidiis
223 1013 287 1054 enm
303 994 441 1073 adpetiit,
466 994 627 1057 Olcabante
645 997 769 1075 quodam
787 1000 931 1057 eminente
946 998 1056 1059 viribus
1073 998 1140 1057 sub·

94 1089 217 1154 ornato,
245 1088 276 1138 ut
295 1079 493 1156 transfugeret
512 1089 558 1154 et,
580 1081 637 1140 fide
660 1089 741 1158 parta
761 1080 872 1156 hostis,
901 1081 1013 1140 lacinus
1032 1100 1139 1160 perpe-

93 1172 196 1224 traret.
252 1161 392 1236 Quod-‚is
419 1171 538 1222 strenue
569 1163 684 1241 quidem
713 1164 766 1224 sed
795 1165 859 1222 sine
889 1173 994 1223 eventu
1018 1174 1139 1224 conatus

94 1256 150 1308 est.
196 1245 348 1324 Receptus
368 1247 446 1305 euim
469 1264 485 1304 a
505 1245 626 1305 Lucullo
650 1248 676 1305 in
692 1265 815 1324 gregem
834 1248 976 1325 equitum,
999 1265 1057 1306 non
1075 1249 1138 1308 sine

92 1333 180 1392 tacita
205 1330 336 1390 custodia
355 1328 470 1389 habitus
491 1338 555 1403 est;
578 1331 643 1408 quia
658 1348 714 1390 nec
735 1331 816 1390 credi
837 1330 933 1390 subito
957 1331 1136 1409 transfugae,

92 1433 149 1475 nec
171 1413 295 1473 inhiberi
317 1413 448 1491 reliquos
469 1412 635 1492 oportebat.
680 1411 752 1473 Cum
775 1415 842 1475 dein
859 1414 1062 1492 frequentibus
1086 1434 1136 1475 ex·

92 1497 276 1560 cursiouibus
299 1506 462 1576 promptam
484 1506 514 1556 et
535 1499 648 1556 enixam
671 1515 791 1598 operam
813 1498 984 1574 exhiberet,
1009 1500 1066 1559 lide
1088 1501 1137 1561 ad·

92 1583 199 1663 quisita
221 1582 350 1659 tempus
366 1580 474 1657 elegit,
503 1598 560 1658 quo
582 1583 669 1641 missa
691 1583 833 1661 principia
855 1585 982 1661 quietern
1005 1583 1136 1643 omnibus

91 1664 292 1727 castrensibus
315 1662 421 1724 dabant
442 1667 676 1744 praetoriumque
692 1669 835 1727 secretius
853 1667 1050 1745 praestabant
1081 1666 1135 1727 Ca·
1184 1666 1187 1673 '

91 1769 157 1837 sps·-
144 1744 280 1809 -bdiuvit
299 1747 458 1807 Lucullum.
503 1747 575 1808 Nam
597 1752 647 1827 qui
672 1750 708 1810 ad
729 1751 897 1828 vigilantem
919 1768 1013 1829 usque
1035 1752 1139 1812 admit·

90 1841 221 1907 teretur,
243 1830 396 1909 fatigatum
413 1834 562 1890 nocturnis
582 1834 806 1909 cogitationibus
826 1835 876 1893 illo
900 1843 1034 1910 tempore
1054 1837 1134 1913 quie-

89 1925 223 1977 scentem
245 1916 363 1975 invenit
409 1913 481 1974 (lum
501 1915 604 1975 deinde
613 1926 788 1995 ,tamquam
808 1919 986 1976 nuntiaturus
1010 1918 1134 1978 subitum
1197 1936 1200 1942 ’

89 2000 199 2077 aliquid
215 2017 250 2059 ac
265 2001 481 2074 necessarium,
503 2001 611 2059 intrare
624 2000 735 2074 vellet,
757 2001 809 2059 sed
830 2000 1019 2078 pertinaciter
1034 2018 1050 2059 a
1071 2020 1131 2060 ser·

88 2087 134 2143 vis
157 2083 315 2143 valetudini
339 2082 445 2142 domini
467 2083 684 2142 consulentibus
706 2084 928 2157 excluderetur,
951 2085 1072 2158 veritus,
1095 2103 1133 2143 ne

90 2176 248 2244 suspectus
277 2174 375 2242 esset,
400 2169 501 2265 equis,
529 2182 603 2264 quos
633 2176 698 2226 ante
720 2176 834 2245 portam
855 2175 974 2245 paratos
995 2166 1132 2245 habebat,

89 2251 126 2312 ad
145 2249 340 2311 Mithridatem
358 2250 466 2350 relegit
487 2251 598 2309 inritus.

176 2333 227 2395 31
271 2319 462 2394 Sertorius
447 2353 477 2393 ru
496 2333 650 2412 Hispania,
674 2352 739 2393 cum
767 2332 843 2412 apud
865 2332 1025 2396 lauronem
1048 2338 1131 2415 oppi-

88 2419 154 2479 dum
183 2418 278 2477 vicina
300 2427 397 2478 castra
419 2417 550 2497 Pompeii
578 2419 680 2477 castris
702 2417 840 2492 haberet,
871 2427 901 2476 et
922 2419 995 2479 duae
1012 2429 1131 2480 tantum·

87 2501 177 2562 modo
199 2502 338 2578 regiones
362 2511 477 2576 essent,
506 2519 545 2560 ex
564 2501 668 2578 quibus
687 2501 824 2581 pabulum
851 2503 912 2579 peti
933 2511 1052 2580 posset,
1076 2521 1131 2562 nna

87 2587 116 2645 iu
140 2587 324 2663 propinquo,
348 2586 439 2645 altera
469 2585 585 2661 longius
611 2588 683 2660 sita,
713 2604 777 2644 eam
805 2603 879 2663 quae
909 2587 937 2644 in
966 2588 1132 2665 propinquo

88 2677 151 2730 erat
172 2667 295 2728 subinde
317 2668 353 2727 ab
370 2669 429 2728 levi
449 2677 590 2728 armatura
612 2669 759 2744 iniestari,
782 2669 950 2728 ulteriorem
966 2679 1061 2730 autern
1081 2687 1131 2729 ve·

85 2753 140 2813 tuit
161 2751 198 2811 ab
219 2752 280 2812 ullo
300 2761 410 2812 armato
426 2749 521 2826 adiri,
545 2753 640 2812 donec
666 2755 811 2830 persuasit
833 2753 1026 2829 adversariis,
1045 2755 1130 2812 tutio·

86 2854 149 2897 rem
168 2852 237 2895 esse
252 2854 325 2914 quae
342 2845 405 2895 erat
422 2837 580 2895 remotior:
603 2854 687 2915 quam
706 2853 770 2895 cum
783 2837 936 2914 petiissent
950 2835 1129 2914 Pompeiani,

86 2918 239 2980 Octavium
260 2919 433 2979 Graecinum
460 2937 524 2978 cum
552 2919 656 2979 decem
683 2918 853 2979 cohortibus
882 2921 910 2978 in
938 2938 1048 2980 morem
1070 2919 1129 2981 Ro·

85 3019 235 3062 manorum
258 3004 374 3063 armatis
402 3011 432 3063 et
456 3003 559 3062 decem
583 3000 776 3080 Hispanorum
798 3002 874 3061 levis
896 3013 1076 3080 armaturae,
1100 3014 1131 3065 ct

84 3086 264 3165 'l'arquitium
285 3086 416 3146 Priscum
432 3104 497 3146 cum
512 3085 625 3146 duobus
647 3086 762 3146 milibus
785 3087 975 3162 equitumue
998 3087 1079 3148 iubet
1095 3089 1131 3149 ad

82 3170 203 3231 insidias
227 3170 389 3234 tendendas
422 3169 651 3268 pabulatoribus
695 3168 742 3229 llli
770 3176 890 3229 strenue
918 3171 1059 3250 imperata
1087 3172 1129 3233 la·

83 3255 178 3314 ciunt:
208 3253 363 3332 explorata
386 3255 461 3314 enim
483 3253 616 3313 locorum
638 3262 756 3330 natura,
779 3253 808 3312 in
826 3239 922 3313 vicina
944 3255 1018 3315 silva
1040 3264 1129 3316 nocte

81 3337 250 3416 praedictas
278 3339 379 3415 copias
405 3337 587 3398 abscondunt
618 3339 673 3412 ita,
701 3346 732 3396 nt
757 3338 786 3396 in
811 3338 902 3416 prima
931 3348 1015 3417 parta
1045 3338 1128 3398 leves

79 3421 245 3501 Hispanos,
272 3422 439 3501 aptissimos
472 3421 508 3482 ad
536 3421 611 3481 iurta
643 3420 805 3498 bellorum,
832 3431 998 3500 ponerent,
1026 3421 1128 3497 paullo
