2438 3848
101 155 147 217 '72
438 164 515 216 sax.
538 166 627 215 anun
645 163 816 213 accurunt

105 322 176 383 bros
199 323 282 400 ignes
310 322 494 398 dedinent,
524 328 556 380 ut
577 321 681 399 specie
705 316 873 379 remanendi
895 317 1060 378 occultaret
1081 335 1152 397 pro·

105 407 275 469 lectionem.
320 406 380 468 Sed
401 423 418 466 a
438 404 589 482 transfuga
608 403 760 481 proditus,
784 402 926 463 adsecuto
945 403 1079 462 exercitu
1096 402 1150 462 La·

106 491 377 567 cedaemoniorum,
399 490 503 550 itinere
525 488 641 569 quidem
664 505 722 566 quo
739 488 873 565 Spartam
890 485 1012 565 petebat
1029 485 1149 561 destitit,

104 576 183 637 idem
191 584 299 645 stamen
322 574 473 633 consilium
488 573 632 632 convertit
653 571 689 631 ad
707 570 931 632 Mantinienses:
956 586 1051 646 aeque
1073 571 1149 629 enim

104 659 221 736 ignibus
240 658 325 719 lactis
343 656 609 728 Lacedaemonios,
633 657 716 733 qnasi
732 663 880 730 maneret,
902 653 1070 729 frustratus,
1095 671 1151 732 per

106 741 296 820 quadraginta
315 741 393 801 milia
414 757 551 818 passuum
573 739 736 800 Mantiniam
755 739 876 800 revertit
899 754 1022 815 eamque
1041 738 1150 797 auxilio

106 827 272 887 destitutam
292 825 458 904 occupavit.

334 980 363 1023 Ψ
501 990 647 1053 CAPUT
676 988 749 1052 XII.

105 1123 153 1170 Ex
172 1123 372 1173 CONTRARIO
391 1121 493 1172 omos
513 1122 679 1170 TUTELAM
702 1121 937 1170 OBSESSORUM.
987 1121 1035 1167 DE
1050 1121 1149 1169 EXCI-

424 1207 544 1255 TANDA
566 1207 657 1255 CURA
679 1206 831 1255 SUORUM.

194 1331 220 1388 1.
265 1327 437 1390 Alcibiades
462 1327 667 1403 Atheniensis,
702 1328 818 1388 civitate
843 1345 893 1387 sua
913 1346 929 1388 a
950 1326 1149 1387 Lacedaemo·
1186 1341 1195 1360 ⁸

105 1414 160 1471 niis
188 1412 329 1488 obsessa,
357 1413 466 1472 veritus
501 1412 709 1489 negligentiam
735 1412 872 1489 vigilum,
900 1411 1151 1471 denuntiavithis

105 1497 198 1574 quiin
214 1495 385 1555 stationibus
398 1504 495 1571 eraut,
514 1495 706 1556 observarent
724 1496 837 1572 lumen,
854 1496 931 1575 quod
947 1503 1035 1555 nocte
1051 1502 1150 1554 osten·

105 1597 190 1639 surus
213 1587 295 1639 esset
316 1596 356 1638 ex
376 1597 462 1655 arce,
483 1588 512 1638 et
534 1579 570 1639 ad
592 1589 783 1658 conspectum
805 1581 867 1639 eins
887 1581 944 1658 ipsi
965 1594 1084 1657 quoqne
1106 1578 1150 1638 lu·

104 1663 181 1723 mina
201 1661 393 1730 adtollerent;
412 1663 440 1721 in
462 1680 520 1742 quo
543 1681 663 1722 munere
679 1665 728 1741 qui
750 1672 914 1740 cessasset,
937 1680 1062 1741 poenam
1082 1679 1149 1739 pas

106 1764 212 1807 surum.
258 1745 332 1806 Dum
345 1746 472 1807 sollicite
489 1755 678 1825 exspectatur
693 1749 805 1825 signnm
826 1748 918 1818 ducis,
942 1745 1150 1826 pervigilatum

105 1829 142 1891 ab
163 1829 296 1897 omnibus
319 1840 349 1890 et
368 1839 524 1910 suspectae
546 1832 641 1890 noctis
662 1833 823 1911 pericnlum
843 1832 980 1891 evitatum
1002 1838 1057 1888 est.

192 1913 222 1974 2
265 1912 428 1993 Iphicrates
453 1916 512 1975 dux
534 1915 769 1990 Atheniensium,
792 1934 856 1976 cum
878 1914 1025 1993 praesidio
1046 1910 1150 1972 Corin·

105 1999 185 2059 thum
205 2007 321 2078 teneret
347 2009 377 2060 et
405 1999 459 2060 snb
490 2000 642 2060 adventum
669 2000 828 2060 hostium
820 2017 884 2078 rpse
904 1999 1021 2076 vigilias
1045 1998 1149 2058 circui·

105 2092 170 2160 ret,
199 2070 335 2167 vigileph,
364 2103 451 2162 quem
477 2085 667 2145 dormientem
688 2084 816 2159 viderat,
843 2083 987 2142 transfixit
1010 2081 1149 2160 cuspide:

106 2169 184 2246 quod
206 2169 318 2268 laetum
325 2166 504 2267 quibusdam
522 2178 666 2246 tamquam
684 2186 804 2228 saevum
819 2165 1048 2246 increpantibus,
1072 2165 1151 2240 Qua·

107 2251 196 2311 lem
186 2271 284 2312 rnvr
314 2253 430 2341 inspuit,
453 2252 542 2312 talem
561 2253 677 2331 reliqui.

174 2320 235 2395 3.“
306 2326 480 2396 aminondas
502 2336 658 2397 Thebanus
680 2335 757 2397 idem
775 2336 885 2397 iecisse
906 2333 1020 2395 dicitnr

402 2536 408 2547 ·
496 2500 646 2563 CAPUT
670 2503 765 2564 xlll

251 2590 309 2713 'nn
330 2634 539 2683 surnnnnno
560 2635 606 2682 nn
624 2632 838 2682 nnerrrnnno
860 2632 1005 2681 nummo.

193 2746 232 2815 1.’
265 2755 405 2832 Romani,
434 2755 551 2816 obsessi
581 2757 609 2814 in
630 2753 792 2834 Capitolio,
822 2754 858 2814 ad
878 2753 992 2817 Camilli
1014 2757 1152 2817 auxilium

105 2837 143 2899 ab
166 2839 272 2901 exsilio
293 2839 505 2918 immorandum
524 2841 664 2901 miseruut
685 2839 816 2900 Pontium
838 2835 1013 2917 Cominium,
1037 2835 1108 2920 qui,
1121 2849 1152 2900 nt

105 2923 247 2984 stationes
267 2922 415 2985 Gallorum
430 2924 566 3000 ialleret,
589 2941 732 3004 persana
751 2921 875 3000 Tarpeia
898 2922 1041 2983 demissus
1057 2933 1150 2985 trans·

104 3015 173 3066 nato
197 3005 296 3068 'liberi
317 3007 409 3070 Veios
437 3010 572 3089 pervenit
594 3017 624 3070 et
650 3015 820 3088 perpetrata
845 3006 994 3084 legatione
1017 3009 1152 3070 similiter

104 3090 142 3151 ad
161 3107 232 3171 snos
252 3093 348 3152 rediit.
391 3116 406 3141 ι

191 3173 220 3249 2.
265 3173 419 3255 Campani,
442 3175 596 3254 diligenter
614 3173 751 3235 Romanis
768 3193 785 3236 a
801 3176 905 3254 quibus
924 3173 1041 3236 obsessi
1070 3185 1153 3238 erant

106 3258 254 3319 custodias
277 3258 448 3338 mentam,
472 3260 624 3339 quemdam
647 3277 701 3339 pro
722 3260 871 3337 transfuga
889 3258 1078 3320 subornatum
1099 3261 1151 3319 mi·

106 3350 224 3419 serunt,
252 3344 503 3493 qnimsscultatam
534 3343 633 3405 balteo
664 3343 818 3423 epistolam
846 3344 962 3404 inventa
991 3343 1152 3424 effugiendi

107 3427 265 3491 occasione
287 3428 325 3492 ad
366 3446 459 3492 nenos
480 3429 608 3509 pertulit.
