2438 3848
162 132 165 137 ’
257 153 597 204 annuuneunnrrcou
619 154 689 201 ma.
712 153 749 202 11.
780 152 856 202 our.
880 155 912 201 v.
1066 141 1109 202 41.

149 311 178 370 7.
219 307 384 384 Viriathus,
406 326 445 368 ex
471 307 584 368 latrone
613 307 670 369 dux
697 307 914 384 Lusitanorum,
942 311 1051 371 cedere
1074 329 1107 371 se

64 393 205 454 Romanis
227 393 373 472 equitibus
394 392 549 467 simulans,
572 411 665 472 usque
687 392 722 452 ad
744 391 841 452 locum
860 395 1064 470 voraginosum
1079 405 1109 456 et
1138 389 1142 396 ’

63 476 227 557 praealtum
249 494 303 536 eos
324 475 475 555 perduxit3
501 484 532 534 et
553 495 640 555 quum
661 479 725 555 ipse
754 494 808 554 per
831 475 943 536 solidos
965 496 1000 537 ac
1022 488 1109 538 notos

64 561 120 621 sibi
140 561 277 621 transitus
300 560 456 636 evaderet,
479 559 626 620 Romanos
649 561 768 637 ignaros
787 560 919 620 locorum
941 563 1107 623 immersos·

65 663 122 723 que
138 645 207 704 limo
227 645 344 705 cecidit.

134 727 181 791 .8.
220 726 340 788 Fulvius
373 731 533 807 imperator
562 724 741 788 Celtiberico
769 727 868 804 bello,
898 728 1014 789 collatis
1043 748 1107 790 cum

63 814 152 874 hoste
180 812 299 886 castris,
329 814 444 890 equites
475 829 544 871 suos
569 812 651 871 iussit
681 813 845 873 succedere
869 813 905 872 ad
933 815 1107 875 munitiones

64 914 166 958 eorum
187 894 394 974 lacessitisque
410 894 543 955 barbaris
557 895 689 955 simulata
707 895 776 972 luga
790 895 919 971 regredi.
962 897 1026 956 Hoc
1043 917 1106 958 cum

63 999 118 1062 per
130 979 241 1058 aliquot
257 979 319 1039 dies
332 979 471 1055 iecisset,
488 979 573 1039 avide
590 979 808 1057 insequentibus
826 978 1000 1056 Celtiberis,
1020 985 1107 1042 auim-

63 1065 190 1126 advertit
212 1071 307 1122 castra
330 1081 430 1122 eorum
454 1062 540 1122 solita
556 1062 670 1123 nudari:
694 1065 791 1141 itaque
814 1081 868 1140 per
886 1073 998 1140 partem
1021 1084 1106 1125 erer-

65 1151 140 1208 citus
163 1145 308 1207 custodita
329 1146 556 1221 consuetudine,
579 1147 644 1223 ipse
670 1164 734 1204 cum
756 1146 901 1224 expeditis
925 1157 992 1224 post
1011 1158 1107 1211 castra

63 1233 192 1292 hostium
212 1230 345 1290 consedit
371 1230 519 1298 occultns;
550 1229 709 1307 effusisque
731 1230 773 1288 eis
797 1247 836 1289 ex
853 1245 951 1305 more,
980 1241 1106 1310 repente

63 1317 186 1377 adortus
209 1323 239 1374 et
259 1314 406 1374 desertum
422 1315 534 1392 proruit
554 1312 662 1372 vallum
681 1322 711 1373 et
734 1323 829 1373 castra
852 1316 941 1391 cepit.

149 1399 179 1460 9.
224 1394 278 1457 (ln.
297 1396 434 1473 Fulvius,
465 1416 529 1456 cum
555 1398 584 1456 iu
606 1396 710 1456 linibus
733 1398 840 1458 nostris
861 1398 1010 1458 exercitus
1032 1397 1107 1459 Fali-

64 1501 182 1544 scorum
203 1481 292 1560 longe
315 1490 416 1541 nostro
435 1483 526 1541 maior
543 1489 639 1542 castra
654 1483 818 1560 posuisset,
841 1500 896 1561 per
911 1499 980 1542 suos
1001 1483 1108 1543 milites

64 1565 208 1647 quaedam
227 1564 331 1645 procul
354 1583 370 1625 a
394 1565 497 1624 castris
515 1565 646 1625 aedilicia
661 1567 827 1641 succendit,
849 1575 880 1625 ut
896 1564 1020 1644 Falisci,
1037 1584 1106 1627 suos

63 1651 92 1712 id
113 1651 224 1710 iecisse
248 1648 420 1724 credentes,
443 1667 497 1726 spe
521 1648 649 1726 praedae
672 1650 909 1710 diffunderentur.

147 1733 197 1799 10.
240 1733 410 1793 Alexander
430 1751 486 1793 rex
506 1732 708 1811 Epirotarum,
732 1734 874 1793 adversus
899 1733 1016 1808 Illyrios
1037 1750 1106 1793 con·

63 1818 162 1878 locata
186 1818 216 1876 in
243 1817 354 1877 insidiis
381 1835 483 1891 mauu,
510 1816 649 1895 quosdam
672 1836 710 1876 ex
734 1819 795 1876 suis
823 1815 922 1876 habitu
942 1816 1108 1891 lllyriorum

63 1903 199 1962 instruxit
216 1910 246 1961 et
261 1902 345 1960 iussit
359 1910 475 1960 vastare
492 1919 571 1960 suam
584 1901 794 1980 (Epiroticam)
816 1900 976 1976 regionem.
1022 1899 1108 1974 Quod

64 2004 130 2046 cum
152 1984 244 2060 Illyrii
264 1984 398 2044 viderent
418 1985 499 2058 lieri,
518 1986 574 2062 ipsi
596 1987 703 2062 passim
726 1983 862 2061 praedari
886 1986 1047 2060 coeperunt
1069 2001 1107 2044 eo

64 2070 218 2146 securius,
235 2068 322 2146 quod
342 2068 559 2147 praecedentes
576 2069 667 2127 veluti
687 2084 742 2145 pro
759 2065 996 2146 exploratoribus
1016 2065 1107 2127 habe·

63 2152 150 2222 bant;
177 2169 195 2212 a
221 2151 324 2237 quibus
352 2170 391 2213 ex
418 2153 557 2213 industria
589 2154 618 2211 in
647 2151 714 2212 loca
738 2153 835 2229 iniqua
863 2149 996 2226 deducti,
1025 2152 1107 2211 caesi

61 2237 215 2314 fugatique
236 2244 311 2297 sunt.

151 2321 202 2381 11.
240 2318 379 2398 Leptines
403 2336 520 2398 quoque
551 2319 751 2394 Syracusanus
785 2317 925 2379 adversus
955 2315 1106 2397 Carthagi·

63 2405 184 2464 nienses
205 2405 314 2464 vastari
334 2419 405 2462 suos
428 2420 516 2480 agros
539 2413 567 2463 et
585 2405 700 2464 incendi
717 2403 802 2466 villas
819 2402 1000 2481 castellaque
1018 2421 1106 2481 quae·

64 2487 129 2548 dam
150 2488 314 2566 imperavit.
353 2483 626 2564 Carthaginienses,
648 2488 684 2548 ab
708 2489 768 2547 suis
783 2488 811 2548 id
827 2487 890 2546 lieri
908 2488 981 2561 rati,
1005 2496 1034 2546 et
1050 2488 1107 2565 ipsi

62 2580 208 2650 tamquam
225 2570 254 2630 in
272 2571 444 2631 adiutorium
466 2573 616 2649 exierunt,
640 2573 818 2651 exceptique
837 2570 874 2630 ab
892 2569 1107 2630 insidiatoribus

61 2655 119 2715 fusi
141 2660 218 2714 suut.

149 2737 199 2799 12.
243 2736 405 2814 blaharbal,
420 2739 525 2798 missus
537 2756 553 2798 a
566 2738 854 2816 Carthaginiensibus
865 2738 1005 2798 adversus
1018 2737 1109 2798 Airos

63 2821 262 2899 rebellantes,
293 2840 358 2882 cum
386 2824 476 2882 sciret
501 2832 618 2900 gentem
642 2825 753 2883 avidam
781 2841 848 2882 esse
874 2823 949 2898 vini,
973 2839 1108 2899 magnum

64 2908 128 2967 eius
150 2906 267 2966 modum
288 2906 480 2984 mandragora
500 2908 686 2985 permiscuit,
709 2907 790 2965 cuius
810 2908 885 2965 inter
906 2924 1049 2965 venenum
1071 2923 1107 2966 ac

63 3008 205 3070 soporem
230 2990 325 3051 media
349 2990 394 3049 vis
415 2999 469 3050 est.
514 2990 595 3050 Tunc
615 2990 731 3067 proelio
753 2989 812 3049 levi
830 2991 986 3050 commisso
1009 3008 1048 3049 ex
1064 2992 1105 3048 in·

62 3074 173 3135 dustria
196 3075 305 3134 cessit:
335 3083 423 3134 nocte
447 3073 553 3134 deinde
574 3075 764 3151 intempesta,
783 3072 895 3133 relictis
917 3075 991 3134 intra
1010 3083 1106 3134 castra

63 3157 236 3237 quibusdam
262 3158 384 3217 sarcinis
414 3167 442 3217 et
472 3159 547 3219 omui
575 3159 644 3216 vino
662 3158 790 3231 iniecto,
821 3156 917 3232 lugam
941 3158 1105 3217 simulavit:

63 3260 189 3321 cumque
210 3240 346 3317 barbari,
374 3243 525 3320 occupetis
553 3242 657 3301 castris
679 3239 866 3317 ingaudium
888 3240 988 3316 ellusi,
1014 3242 1104 3302 medi·

62 3335 159 3386 catum
176 3325 263 3386 avide
283 3343 393 3385 merum
411 3325 576 3386 hausissent
588 3335 617 3385 et
633 3327 662 3386 in
679 3325 794 3385 modum
810 3324 1011 3385 defunctorum
1023 3325 1105 3387 strati

58 3409 209 3488 iacerent,
231 3427 369 3470 reversus
390 3417 439 3472 aut
459 3410 540 3489 cepit
562 3426 615 3470 eos
638 3418 685 3472 aut
706 3407 869 3471 trucidavit.
