2438 3848
262 159 604 208 S'rttauuoumarwon
626 161 697 209 LIB.
721 160 758 207 11.
783 160 858 208 GAP.
880 160 904 209 1¹.
927 160 965 208 11.
1096 148 1137 212 29

181 314 231 374 13.
276 313 442 392 Iugurtham
462 325 557 376 autem
574 324 703 391 constat,
723 333 880 376 memorem
901 316 1014 376 virtutis
1033 317 1138 379 Roma-

90 416 212 472 norum,
235 417 354 477 semper
373 400 510 459 inclinato
532 400 578 459 die
603 402 784 460 committere
804 401 1074 479 proeliasolitum,
1097 412 1138 478 ut,

91 485 116 543 si
140 483 313 559 fugarentur
342 486 402 560 sui,
431 493 623 563 opportunam
656 494 773 544 noctem
798 484 941 545 haberent
970 485 1007 546 ad
1034 486 1137 546 delite-

90 567 242 627 scendum.
287 594 299 613 v

180 652 231 710 14.
275 651 377 712 Lucull
436 651 577 711 adversus
600 649 794 712 Mithridatem
815 663 844 712 et
866 651 1022 730 Tigranem
1040 655 1068 712 in
1083 653 1137 712 Ar·

89 737 189 795 menia
216 736 325 795 maiore
354 754 410 814 apu
456 736 716 813 Tigranocertam,
748 756 813 796 cum
841 739 906 815 ipse
936 754 994 796 non
1015 739 1137 817 amplius

91 818 257 896 quindecim
278 819 355 878 milia
378 829 550 879 armatorum
568 819 701 895 haberet,
719 820 813 880 hostis
828 831 923 881 autem
944 822 1135 883 innumerabi-

88 903 148 964 lem
178 903 386 963 multitudinem
417 922 513 982 eoque
542 905 607 983 ipso
632 904 803 981 inhabilem,
835 925 905 965 usus
930 906 988 965 hoc
1011 910 1072 966 eius
1096 907 1135 965 in-

90 987 245 1048 commodo
268 989 394 1049 nondum
419 989 578 1049 ordinatam
599 989 724 1048 hostium
744 985 842 1049 'aciem
863 992 967 1049 invasit
989 999 1075 1069 atque
1098 993 1136 1051 ita

88 1073 223 1150 protinus
242 1073 410 1157 dissipavit,
439 1082 469 1132 ut
492 1074 548 1152 ipsi
575 1090 692 1151 quoque
719 1091 808 1150 reges
831 1075 952 1134 abiectis
974 1075 1135 1151 insignibus

88 1156 237 1234 fugerent.

178 1242 226 1301 15.
273 1240 316 1304 Ti.
341 1238 478 1320 Claudius
500 1239 580 1299 Nero
610 1239 751 1298 adversus
773 1239 953 1317 Pannonios,
984 1261 1047 1301 cum
1070 1242 1134 1302 bar-

88 1324 152 1395 bari
174 1325 294 1386 feroces
315 1327 343 1384 in
366 1325 458 1384 aciem
482 1325 595 1384 oriente
614 1324 707 1383 statim
732 1323 778 1383 die
801 1328 1036 1403 processissent,
1066 1345 1133 1387 con·

88 1411 173 1469 tinuit
197 1426 265 1468 suos
287 1426 452 1488 passusque
479 1418 541 1485 est,
565 1409 680 1469 hostem
706 1407 814 1469 nebula
843 1418 872 1468 et
899 1410 1054 1487 imbribus,
1086 1415 1134 1490 qui

87 1493 176 1553 forte·
191 1493 241 1552 illo
257 1493 310 1556 die
327 1492 422 1553 crebri
443 1502 541 1569 eraut,
563 1491 730 1561 verberari;
754 1511 788 1553 ac
806 1493 933 1571 demum,
957 1494 1005 1556 ubi
1024 1497 1134 1556 lessurn

87 1577 192 1637 stando
214 1577 312 1656 pluvia
335 1595 393 1637 uon
414 1577 507 1636 solum
534 1579 587 1638 sed
613 1586 642 1637 et
664 1577 833 1638 lassitudine
855 1580 985 1641 delicere
1006 1580 1148 1642 animad-,

87 1662 192 1735 vertit,
216 1663 300 1739 signo
325 1661 392 1722 dato
416 1661 534 1722 adortus
557 1663 716 1740 superavit.

176 1746 226 1807 16.
272 1744 305 1805 C.
330 1744 441 1806 Caesar
469 1747 497 1805 in
520 1747 626 1822 Gallia,
657 1749 722 1823 quia
751 1757 952 1825 compererat,
982 1746 1131 1807 Ariovisto

87 1829 296 1890 Germanorum
312 1832 377 1907 regi
395 1832 553 1890 institutum
572 1840 601 1890 et
622 1832 703 1908 quasi
720 1830 815 1906 legem
835 1849 903 1890 esse
919 1832 1056 1891 militibus
1074 1851 1132 1891 non

86 1914 234 1992 pugnandi
263 1914 456 1974 decrescente
485 1915 568 1990 luna,
598 1924 657 1974 turn
676 1916 864 1992 potissimum
890 1917 954 1974 acie
978 1919 1131 1975 commissa

85 1998 244 2077 impeditos
263 1999 408 2076 religione
428 2000 529 2059 hostes
550 2001 629 2058 vicit.

175 2083 224 2142 17.
268 2082 360 2143 Divus
381 2081 529 2160 Augustus
548 2083 748 2160 Vespasianus
776 2081 901 2140 ludaeos
929 2082 1043 2141 Saturni
1072 2083 1129 2157 die,

86 2184 145 2246 quo
169 2169 212 2226 eis
234 2167 317 2227 nefas
345 2176 391 2226 est
414 2169 569 2246 quidquam
589 2168 686 2226 seriae
706 2167 750 2225 rei
773 2184 879 2243 agere,
902 2166 1020 2226 adortus
1042 2185 1128 2246 snpe-

84 2253 169 2312 ravit.

174 2334 223 2396 18.
267 2334 417 2410 Lysander
425 2335 674 2395 Lacedaemonius
686 2335 827 2395 adversus
841 2335 1038 2403 Athenienses
1054 2336 1130 2414 apud

84 2417 324 2498 Aegospotamos
351 2420 472 2479 instituit
502 2429 584 2479 certo
609 2428 742 2498 tempore
766 2420 897 2480 infestari
919 2439 1009 2481 naves
1039 2420 1129 2480 ntue-

83 2506 243 2580 niensium,
267 2503 372 2565 deinde
395 2521 537 2563 revocare
554 2504 690 2565 classem.
734 2503 777 2565 Ea
794 2523 828 2564 re
846 2505 1129 2565 inconsuetudinem

84 2589 244 2666 perducta,
266 2606 329 2648 cum
345 2587 540 2647 Athenienses
558 2597 625 2667 post
645 2588 808 2665 digressum
825 2590 938 2649 eiusad
957 2589 1129 2650 contrahen-

83 2672 135 2732 das
159 2673 262 2751 copias
281 2673 536 2751 dispergerentur,
561 2673 699 2736 extendit.
712 2691 750 2732 ex
768 2675 976 2734 consuetudine
1002 2675 1127 2734 classem

84 2767 112 2817 et
135 2757 266 2836 recepit:
290 2766 348 2816 tum
369 2757 493 2817 hostium
511 2759 632 2818 maxima
654 2767 737 2835 parte
763 2775 800 2816 ex
822 2775 902 2817 more
926 2759 1058 2838 dilapsa,
1081 2777 1127 2818 re-

82 2840 181 2918 liquos
202 2840 321 2901 adortus
343 2841 450 2901 cecidit
471 2851 500 2901 et
523 2843 675 2901 universas
696 2859 786 2901 naves
809 2843 897 2921 cepit.

499 3007 648 3070 CAPUT
675 3008 711 3068 u.

297 3141 345 3188 na
365 3140 458 3188 noco
481 3140 529 3187 nn
548 3140 694 3187 ananau
713 3137 907 3187 unroauuo

168 3264 197 3323 1.
243 3259 291 3324 Μ’.
321 3261 441 3337 Curius,
471 3263 537 3339 quia
566 3261 703 3339 phalangi
734 3261 814 3337 regis
843 3261 945 3336 Pyrrhi
970 3265 1127 3342 explicitae
1212 3253 1215 3259 ’

80 3348 179 3407 resisti
209 3363 267 3406 nou
295 3363 386 3425 posse
416 3344 679 3419 animadvertebat,
709 3345 789 3406 dedit
808 3362 945 3424 operam,
973 3355 1003 3406 ut
1024 3350 1052 3407 in
1078 3367 1126 3409 an·

81 3432 185 3508 gustiis
206 3429 397 3508 confligeret,
420 3429 469 3491 ubi
491 3429 624 3490 conlecta
650 3429 705 3490 sihi
724 3431 788 3510 ipsa
807 3439 888 3491 esset
911 3429 1141 3507 impedimenus,
