2438 3848
263 188 606 242 sunnunouunnuoou
627 189 698 237 uun.
720 189 767 237 ιι.
794 188 871 239 car.
892 192 953 239 vn.
1086 177 1127 238 95

81 346 276 427 sequentibus
294 345 428 406 hostibus
442 344 518 405 idem
531 346 668 405 transitus
685 352 832 422 maneret,
850 345 1010 422 novissimo
1024 345 1129 423 agmini

82 432 254 512 praecepit,
277 430 467 490 incenderent
489 437 617 508 pontem

168 514 220 575 29
265 513 387 574 Romani
401 531 487 591 quum
501 511 655 611 Campanis
674 511 818 589 equitibus
837 510 918 574 nullo
937 513 1024 572 modo
1041 529 1129 591 pares

53 661 57 667 ,
83 607 203 674 essent,
234 597 271 671 Q.
293 596 423 657 Naevius
453 599 584 657 centurio
616 598 645 655 in
668 596 800 655 exercitu
822 593 916 655 Fulvii
937 594 1037 656 Flacci
1060 613 1129 675 pro·

83 681 218 742 consulis
236 681 432 757 excogitavit,
455 689 486 740 ut
509 681 644 740 delectos
661 698 699 739 ex
721 689 783 739 toto
805 680 953 756 exercitu,
977 681 1026 758 qui
1045 680 1128 740 velo·

83 767 194 826 nissimi
213 764 384 825 videbantur
405 774 436 824 et
458 765 616 825 mediocris
638 773 720 823 erant
739 773 890 840 staturae,
911 764 1049 842 parmulis
1069 781 1128 824 non

82 849 188 929 amplis
217 856 246 908 et
274 848 444 925 galericulis
472 848 636 925 gladiisque
665 865 700 907 ac
728 848 860 926 septenis
885 847 1016 924 singulos
1039 848 1130 908 hastis

83 942 304 1012 quatternorum
325 933 441 992 circiter
463 932 569 1030 pedqm
587 932 692 992 armari
715 949 829 1008 eosque
853 932 1005 992 adiunctos
1026 934 1130 1011 equiti·

81 1017 271 1077 husiuberet
282 1033 375 1092 usque
392 1017 428 1076 ad
442 1017 557 1075 moenia
569 1014 711 1092 provehi,
735 1015 840 1074 deinde
855 1014 895 1074 ibi
906 1017 1010 1093 positis
1023 1016 1130 1076 nostris

83 1099 232 1178 equitibus
266 1100 397 1177 incipere
433 1101 507 1158 inter
541 1099 668 1158 hostium
698 1099 855 1176 equitatum
880 1100 1037 1177 proeliari:
1072 1116 1129 1176 quo

81 1185 163 1244 lacto
189 1183 380 1244 vehementer
411 1191 441 1243 et
469 1183 526 1260 ipsi
555 1180 694 1261 Campani
720 1180 829 1240 adflicti
857 1190 923 1241 snnt
950 1193 979 1242 et
1005 1185 1151 1244 maxime-

83 1269 154 1347 equi
176 1284 292 1335 eorum;
316 1267 419 1344 quihus
442 1265 581 1344 turbatis,
603 1282 696 1345 prona
717 1266 826 1324 nostris
848 1266 971 1325 victoria
991 1266 1054 1325 fuit.

170 1367 221 1428 30.
265 1367 297 1427 P.
320 1368 421 1445 Scipio
448 1368 477 1425 in
498 1365 606 1442 Lydia,
621 1385 695 1439 ,cum
714 1368 761 1427 die
784 1385 819 1427 ac
838 1375 925 1426 nocte
947 1366 1038 1426 imbre
1062 1384 1130 1426 con·

83 1454 165 1512 tinuo
185 1459 320 1511 uexatum
346 1451 506 1511 exercitum
528 1451 667 1512 Antiochi
690 1453 819 1527 videret,
841 1469 898 1511 neo
916 1450 1047 1511 homines
1070 1461 1130 1512 tan-

83 1545 144 1596 tum
164 1544 213 1595 aut
228 1552 322 1613 equos
338 1535 484 1611 delicere,
506 1553 608 1595 verum
624 1553 710 1596 arcus
729 1554 847 1615 quoqne
868 1535 1050 1596 madentibus
1065 1554 1130 1595 ner-

84 1622 130 1679 vis
152 1619 294 1680 inhabiles
316 1621 428 1695 factos,
452 1618 622 1680 exhortatus
641 1630 687 1680 est
701 1622 821 1681 fratrem
843 1638 940 1696 suum,
963 1630 993 1680 nt
1009 1629 1130 1699 postero

84 1706 217 1782 quamvis
239 1703 380 1780 religioso
397 1704 444 1764 die
461 1707 657 1765 committeret
676 1706 836 1785 proelium:
859 1723 946 1783 quam
960 1707 1131 1765 sententiam

86 1797 189 1848 secuta
210 1788 335 1847 victoria
352 1796 407 1849 est.

172 1890 222 1950 31.
268 1886 428 1963 Catonem,
457 1895 618 1947 vastantem
640 1886 823 1966 Hispaniam,
845 1887 937 1963 legati
959 1887 1130 1964 Ilergetum,

85 1975 135 2053 qui
153 1974 300 2033 sociorum
317 1970 443 2049 populus
459 1979 538 2045 erat,
556 1970 688 2030 adierunt
700 1979 916 2048 creveruntque
929 1970 1045 2031 auxilia.
1075 1970 1130 2030 llle

84 2076 125 2118 ne
151 2067 199 2117 aut
222 2058 367 2131 abnegato
381 2053 523 2112 adiutorio
539 2054 638 2112 socios
652 2054 812 2127 alienaret,
837 2063 885 2112 aut
905 2052 1023 2112 diducto
1046 2071 1131 2112 exer·

85 2143 144 2201 citu
171 2141 250 2200 vires
277 2140 436 2213 minueret,
464 2138 578 2194 tertiam
605 2146 719 2215 partem
743 2135 862 2195 militum
889 2136 997 2196 cibaria
1025 2154 1131 2214 parare

84 2235 114 2285 et
132 2241 224 2284 naves
242 2221 445 2282 adscendere
437 2220 534 2294 iussit,
553 2219 620 2278 dato
642 2228 821 2298 praecepto,
840 2229 871 2278 ut
893 2215 1002 2279 cau'sati
1026 2228 1131 2279 ventos

83 2317 166 2369 retro
188 2307 327 2366 redirent.
371 2303 556 2364 Praecedens
576 2304 691 2364 interim
709 2299 892 2365 aduentantis
912 2305 1011 2364 auxilii
1033 2322 1132 2365 rumor

84 2395 126 2452 nti
145 2390 314 2469 Ilergetum
326 2389 463 2449 excitavit
482 2389 609 2465 animos,
631 2389 670 2448 ita
693 2389 817 2449 hostium
841 2387 964 2450 consilia
983 2388 1129 2451 discussit.

173 2490 223 2552 32.
264 2488 296 2550 C.
311 2488 438 2565 Caesar,
461 2507 524 2549 cnm
539 2490 568 2550 in
590 2490 719 2568 partibus
732 2490 917 2569 Pompeianis
935 2507 1038 2566 magna
1051 2490 1131 2568 equi·

85 2587 145 2637 tum
168 2573 363 2635 Romanorum
393 2583 474 2633 esset
503 2591 602 2633 manus
629 2592 724 2653 eaque
752 2592 895 2635 armorum
916 2573 1131 2650 magnificentia

84 2660 193 2720 milites
222 2676 292 2719 suos
322 2657 530 2734 confunderet,
559 2675 611 2718 ora
634 2659 797 2736 oculosque
820 2675 921 2717 eornm
942 2655 1048 2733 gladiis
1070 2657 1131 2735 peti

85 2744 187 2817 iussit,
212 2751 242 2801 et
260 2744 303 2800 sio
326 2759 459 2802 aversam
481 2742 574 2801 aciem
598 2741 706 2802 cedere
729 2742 837 2820 coegit.

173 2841 223 2903 33.
267 2841 412 2913 Vaccaei,
436 2858 536 2901 cuma
557 2842 729 2919 Sempronio
753 2840 886 2900 Graccho
904 2839 1019 2899 collatis
1040 2841 1131 2919 signis

86 2935 296 3005 urguerentur,
320 2925 471 2984 universas
494 2927 594 3003 copias
617 2927 736 2985 cinxere
752 2924 907 3003 plaustris,
932 2941 1005 3001 quae
1029 2925 1131 3005 imple·

85 3020 190 3072 verant
211 3009 378 3070 fortissimis
395 3008 465 3066 viris
478 3008 612 3068 muliebri
627 3009 834 3087 veste.,tectis;
857 3008 1130 3089 Semproniumque,

86 3106 232 3173 tamquam
261 3093 402 3153 adversus
430 3091 552 3152 feminas
579 3092 730 3153 audentius
756 3092 793 3152 ad
822 3090 1000 3152 obsidendos
1028 3094 1131 3155 hostes
1165 3093 1170 3105 ⁴

88 3186 332 3255 consurgentem,
356 3175 386 3234 hi
409 3174 458 3252 qui
480 3176 509 3234 in
526 3175 664 3253 plaustris
687 3184 770 3235 erant
791 3175 925 3254 adgqessi
945 3178 1130 3255 fugaverunt.
1208 3212 1210 3216 ,

173 3277 225 3338 34.
264 3278 411 3339 Eumenes
428 3273 587 3336 Cardianus
610 3294 649 3335 ex
671 3276 894 3337 successoribus
909 3277 1080 3357 Alexandri,
1103 3280 1133 3337 in

89 3361 212 3422 castello
236 3362 381 3441 quondam
397 3361 530 3436 clausus,
554 3359 632 3439 qnod
657 3378 801 3420 exercere
820 3379 912 3440 equos
931 3380 989 3421 non
1003 3371 1131 3438 poterat,

89 3446 180 3506 certis
193 3448 321 3524 quotidie
334 3446 415 3508 horis
437 3447 476 3507 itu
495 3461 547 3504 eos
565 3444 776 3525 suspendebat,
800 3454 831 3505 ut
845 3444 1061 3526 posterioribus
1080 3462 1131 3520 pe-
