2438 3848
185 192 234 239 oa
256 191 376 253 aquas
401 191 575 241 oberrans
598 193 700 242 uaals
722 194 844 243 nonan
865 167 982 246 mono
1044 185 1105 247 109

59 348 196 409 vicenum
226 365 282 435 per
310 365 411 406 omnes
440 347 576 407 modulos
603 348 643 407 ita
665 367 698 407 se
721 348 829 425 habet,
857 360 888 410 ut
911 352 1102 421 ostendimus;

62 442 91 492 et
115 433 193 492 omni
216 449 328 508 genere
351 434 418 490 inita
445 441 559 492 constat
581 431 656 492 sibi:
680 435 816 493 convenit
839 443 868 492 et
890 453 953 495 cum
975 436 1020 494 his
1043 453 1103 496 rno-

18 566 22 573 .
60 517 156 591 dulis,
188 517 236 594 qui
267 517 296 574 in
321 517 535 575 commentariis
556 517 738 576 invictissimi
766 527 795 577 et
818 519 939 596 piissimi
962 519 1104 597 Principis

59 603 149 680 positi
176 609 205 659 et
227 600 389 659 confirmati
419 610 493 659 sunt.
539 603 608 660 Sive
635 601 733 678 itaque
760 604 835 662 ratio
858 605 920 662 sive
944 605 1103 664 auctoritas

60 685 212 764 sequenda
242 693 304 760 est,
332 693 457 762 utroque
488 687 758 745 commentariorum
789 688 898 747 moduli
921 689 1103 765 praevalent.

60 769 122 830 Sed
145 770 256 848 aquarii
286 787 364 828 cum·
378 769 551 829 manifestae
578 771 681 829 rationi
708 773 737 829 in
759 772 889 849 plumbus
909 774 1102 848 consentiant,

59 856 88 913 in
115 863 252 931 quattuor
278 853 402 912 modulis
424 863 619 929 novaverant,
647 854 825 915 duodenaria
851 865 880 915 et
901 858 1048 917 vicenaria
1073 865 1104 916 et

61 940 230 999 centenaria
254 946 283 996 et
305 947 457 996 centenum
477 939 619 1000 vicenum.
664 938 748 1017 (32.)
771 939 808 998 Et
826 939 1020 1000 duodenariae
1041 943 1103 1018 qui-

59 1023 126 1083 dem
147 1041 204 1081 nec
226 1040 346 1097 magnus
369 1040 453 1082 error
479 1041 534 1082 nec
554 1041 623 1081 usus
644 1022 783 1099 irequens
806 1033 866 1082 est:
892 1025 972 1083 euius
995 1026 1101 1085 diame-

57 1117 105 1166 tro
127 1106 398 1183 adiecerunt-digiti
420 1108 614 1181 semunciam,
642 1107 802 1181 sicilicum,
825 1109 981 1184 capacitati
1003 1111 1101 1185 quina·

58 1193 121 1251 riae
145 1191 342 1268 quadrantem.
388 1190 420 1249 ln
441 1191 562 1269 reliquis
588 1199 683 1249 autem
703 1189 795 1249 tribus
818 1190 940 1249 modulis
963 1191 1029 1269 plus
1051 1192 1101 1251 de·

58 1275 258 1355 prehenditur.
302 1275 486 1335 Vicenariam
514 1276 694 1351 exiguiorem
721 1273 830 1333 iaciunt
853 1274 992 1333 diametro
1021 1275 1101 1351 digiti

58 1361 201 1435 semisse,
226 1362 388 1438 capacitate
408 1360 545 1438 quinariis
562 1359 652 1418 tribus
676 1367 706 1418 et
728 1359 890 1417 semuncia:
911 1376 968 1436 quo
983 1359 1101 1418 modulo

59 1445 234 1524 plerumque
252 1454 398 1520 erogatur.
444 1442 618 1503 Centenaria
638 1452 733 1502 autem
747 1452 775 1501 et
787 1452 940 1502 centenum
957 1446 1101 1518 vicenum,

59 1527 165 1608 quibus
187 1529 306 1589 adsidue
322 1530 484 1606 accipiunt,
507 1546 565 1586 non
580 1530 756 1601 minuuntur,
776 1529 829 1587 sed
848 1537 997 1605 augentur.
1033 1528 1101 1588 Dia·

58 1620 155 1672 metro
179 1614 253 1672 enim
272 1615 456 1672 centenariae
475 1613 600 1672 adiciunt
622 1613 703 1689 digiti
725 1611 843 1672 bessem
861 1622 891 1673 et
913 1615 1100 1688 semunciam,

59 1698 214 1774 capacitati
233 1698 378 1774 quinarias
401 1698 515 1773 decem,
538 1699 706 1776 semissem,
731 1698 922 1774 semunciam,
947 1699 1099 1768 sicilicum.

60 1779 222 1841 Centenum
240 1784 372 1841 vicenum
389 1783 531 1842 diametro
550 1782 675 1841 adiciunt
688 1782 795 1856 digitos
814 1792 894 1857 tres,
918 1793 1100 1860 septuncem,

59 1868 254 1940 semunciam,
285 1866 438 1943 capacitati
457 1867 601 1943 quinarias
624 1879 711 1938 LXV,
735 1864 923 1938 dodrantem,
948 1867 1099 1925 sicilicum.

59 1948 145 2028 (33.)
172 1950 233 2024 lta,
262 1951 328 2009 dum
350 1959 397 2007 aut
418 1949 601 2024 vicenariae,
627 1966 684 2026 qua
704 1946 826 2008 subinde
849 1957 987 2023 erogant,
1005 1949 1100 2008 detra·

57 2035 146 2109 hunt,
176 2044 222 2094 aut
247 2034 432 2092 centenariae
453 2041 483 2091 et
505 2040 658 2090 centenum
677 2031 811 2090 vicenum
831 2031 972 2107 adiciunt,
996 2030 1101 2109 quibus

58 2136 179 2196 semper
200 2119 362 2194 accipiunt,
381 2117 601 2192 intercipiuntur
617 2116 645 2173 in
666 2117 832 2174 centenaria
849 2115 998 2192 quinariae
1015 2128 1099 2190 XXV,

58 2203 200 2275 dextans,
230 2200 359 2274 sextula,
391 2202 420 2259 in
451 2208 604 2258 centenum
625 2199 758 2258 vicenum
784 2201 931 2276 quinariae
953 2211 1100 2274 LXXXIV,

57 2287 162 2361 uncia,
193 2284 331 2343 sicilicus.
377 2284 462 2358 Quod
486 2303 550 2344 cum
571 2285 683 2344 ratione
706 2283 900 2361 adprobatur,
925 2301 958 2343 re
982 2299 1100 2361 quoque

58 2374 125 2450 ipsa
148 2370 329 2429 manifestum
352 2378 406 2429 est.
450 2368 523 2429 Nam
545 2386 599 2449 pro
620 2369 783 2446 vicenaria,
803 2387 888 2448 quam
911 2365 1022 2428 Caesar
1044 2384 1099 2445 pro

58 2457 197 2534 quinariis
226 2455 355 2514 sedecim
379 2455 528 2532 adsignat,
556 2472 613 2514 non
639 2453 705 2531 plus
733 2462 872 2531 erogant,
897 2471 981 2532 quam
1003 2453 1099 2513 trede·
1183 2455 1193 2469 ⁰

58 2541 131 2607 cim;
155 2549 184 2598 et
204 2558 242 2598 ex
258 2542 439 2614 centenaria,
462 2558 547 2618 quam
565 2538 788 2617 ampliaverunt,
811 2557 905 2616 aeque
920 2548 1029 2597 certum
1043 2545 1100 2611 est,

58 2624 128 2683 illos
156 2641 213 2682 non
244 2642 369 2699 erogare
395 2626 450 2683 nisi
477 2625 512 2685 ad
541 2626 677 2684 artiorem
704 2641 869 2682 numerum:
900 2623 967 2698 quia
989 2619 1101 2681 Caesar

58 2707 218 2768 secundum
235 2725 304 2765 suos
323 2712 562 2794 commentarios,
582 2726 646 2768 cum
663 2726 701 2765 ex
723 2723 837 2783 quaque
859 2707 1027 2764 centenaria
1049 2723 1100 2763 ex·

58 2792 151 2872 plevit
169 2792 313 2869 quinarias
331 2805 458 2866 LXXXI,
481 2795 648 2867 semissem,
667 2793 734 2849 item
752 2809 791 2849 ex
803 2798 955 2848 centenum
967 2787 1100 2846 vicenum

59 2878 206 2955 quinarias
234 2888 331 2935 XCVII
357 2885 387 2935 et
414 2876 600 2953 dodrantem,
628 2884 773 2952 tamquam
803 2872 946 2932 exhausto
969 2871 1100 2949 modulo,

60 2962 166 3021 desinit
188 2960 372 3019 distribuere
792 2963 801 2989 ⁸

146 3043 196 3104 34.
239 3043 271 3102 ln
292 3062 400 3104 summa
425 3042 626 3131 moduli‘sunt
654 3057 737 3103 XXV.
782 3039 890 3099 Omnes
917 3042 1101 3103 consentiunt

59 3139 90 3190 et
112 3130 215 3188 rationi
235 3138 264 3187 et
282 3129 512 3204 commentariis,
533 3129 667 3205 exceptis
682 3127 727 3186 his
748 3135 899 3204 quattuor,
923 3144 997 3204 quos
1013 3145 1101 3206 aqua·

58 3215 94 3274 rii
127 3222 317 3273 novaverant.
368 3211 468 3272 Omnia
497 3222 609 3287 autem,
641 3230 716 3290 quae
745 3228 879 3271 mensura
907 3213 1100 3311 cqntinentur,

44 3307 142 3358 *certa
171 3307 200 3357 et
227 3297 384 3358 immobilia
415 3313 634 3384 congruere
603 3295 658 3355 sibi
682 3295 804 3356 debent:
834 3297 872 3355 ita
895 3299 970 3356 enim
989 3306 1019 3356 et
1041 3297 1100 3355 uni·

57 3383 190 3442 versitati
210 3383 284 3442 ratio
308 3381 461 3443 constabit.
506 3379 543 3439 Et
562 3363 801 3458 quemadmodum
817 3382 900 3440 verbi
919 3382 1011 3458 gratia
1033 3398 1101 3439 sex·

57 3468 123 3527 tarii
142 3467 217 3526 ratio
240 3466 277 3527 ad
300 3467 439 3545 cyathos,
461 3465 549 3526 modii
570 3483 643 3526 vero
662 3466 746 3527 etad
763 3468 909 3527 sextarios
929 3474 962 3523 et
977 3464 1020 3522 ad
1035 3481 1105 3532 cva-
