2438 3848
86 171 123 230 10
416 182 491 230 sex.
516 183 605 231 sunu
627 183 801 231 sconsum

84 337 208 396 hostium
232 337 393 397 exercitum
415 355 473 397 non
500 347 619 416 posset,
649 337 769 398 adsidue
797 337 963 415 producere
989 347 1019 397 et
1041 341 1127 400 redu·

29 465 32 470 .
86 439 155 482 cere
172 423 199 479 in
219 429 313 480 eastra
328 423 464 482 instituit:
481 422 601 497 deinde,
619 423 648 481 in
663 422 792 481 eamdem
808 422 1029 499 persuasionem
1044 424 1130 484 hoste

85 505 246 584 perducto,
262 523 298 564 ne
318 505 407 565 ullam
421 507 496 565 viam
515 506 550 566 ad
566 524 756 584 progressum
771 504 967 565 Romanorum
983 517 1127 583 tenerent,

85 598 208 668 repente
231 591 339 667 impetn
362 589 441 648 iacto
462 593 611 649 transitum
631 591 737 667 rapuit.

171 673 200 733 9.
228 672 398 732 Alexander
423 672 564 749 Macedo,
593 673 768 752 prohibente
794 692 868 750 rege
894 673 1029 745 ludorum
1050 674 1128 734 Poro

29 773 30 776 ’
85 758 168 818 traici
192 757 351 816 exercitum
379 775 433 835 per
458 757 564 817 llumen
588 757 763 836 Hydaspen,
787 757 929 817 adversus
952 775 1056 835 aquam
1078 759 1127 819 ad-

51 901 54 909 ,
88 842 170 901 sidue
198 858 375 918 procurrere
404 842 488 900 iussit
512 860 598 902 suos:
629 852 658 902 et
679 842 727 902 ubi
749 859 786 901 eo
804 859 889 901 more.
908 844 1128 902 exercitationis

85 924 243 984 adsecutus
266 927 328 999 est,
354 929 436 1002 quia
458 925 534 985 Poro
558 927 682 987 adversa
704 928 767 1004 ripa
790 935 960 1002 caveretur,
982 927 1049 1005 ipse
1074 944 1127 1005 per

87 1011 270 1087 superiorem
292 1019 405 1087 partem
427 1009 551 1069 subitum
573 1011 729 1070 transmisit
751 1012 942 1069 exercitum.-

34 1086 38 1097 '
172 1092 267 1167 Idem,
292 1095 358 1171 quia
376 1093 438 1154 Indi
459 1094 582 1153 llrrminis
600 1096 722 1154 traiectu
740 1093 950 1172 prohibebatur
970 1094 1006 1155 ab
1029 1094 1127 1169 hoste,

74 1177 212 1236 diversis
234 1176 309 1236 locis
336 1180 364 1237 in
384 1178 499 1238 flumine
527 1180 640 1256 equites
663 1179 783 1238 instituit
806 1179 960 1237 immittere
983 1188 1012 1238 et
1034 1187 1127 1239 trans·

84 1263 155 1321 itum
184 1263 301 1330 minari;
328 1281 450 1340 cumque
479 1263 701 1340 exspectatione
728 1261 870 1322 barbaros
897 1264 1023 1322 intentos
1045 1272 1127 1322 tene·

85 1354 152 1420 ret,
169 1345 289 1405 insulam
304 1347 391 1424 paulo
407 1348 599 1406 remotiorem·
612 1348 734 1424 primurn
750 1348 873 1422 exiguo,
898 1346 1003 1406 deinde
1018 1348 1128 1406 maiore

85 1429 233 1507 praesidio
257 1432 411 1509 occupavit
433 1439 520 1508 atque
534 1430 600 1489 inde
615 1432 643 1488 in
664 1430 834 1489 ulteriorem
851 1431 941 1507 ripam
961 1432 1128 1490 transmisit.

85 1512 131 1572 Ad
154 1531 238 1591 quam
259 1531 371 1574 manum
394 1513 612 1592 obprimendam
638 1531 704 1573 cum
726 1515 854 1573 universi
876 1532 909 1573 se
932 1514 1034 1574 hostes
1058 1515 1128 1574 effu·

85 1597 212 1675 dissent,
247 1599 312 1677 ipse
341 1598 437 1659 libero
466 1598 541 1658 vado
569 1606 771 1674 transgressus
796 1615 897 1658 omnes
930 1599 1032 1677 copias
1060 1616 1128 1658 con·

84 1682 184 1741 iunxit.

173 1767 220 1826 to.
248 1765 432 1842 Xenophon,
460 1763 631 1824 ulteriorem
657 1767 750 1843 ripam
776 1764 923 1825 Armeniis
951 1766 1128 1841 tenentibus,

85 1850 158 1910 duos
179 1851 263 1908 iussit
285 1849 386 1928 quaeri
407 1847 516 1907 aditus:
541 1859 655 1909 etcum
679 1868 695 1910 a
716 1851 853 1910 citeriore
875 1850 1012 1929 repulsus
1037 1859 1128 1925 esset,

83 1935 197 1994 transiit
218 1933 253 1992 ad
269 1933 477 2010 superiorem;
510 1933 577 1993 inde
611 1951 728 2012 quoque
746 1934 908 2012 prohibitus
931 1935 1056 1993 hostium
1080 1952 1128 1994 oo·

86 2036 188 2092 cursu,
211 2018 329 2094 repetiit
351 2017 454 2077 vadum
474 2017 610 2078 inferius:
635 2019 773 2095 iussaque
790 2019 895 2078 ibidem
907 2019 1026 2078 militurn
1046 2027 1129 2097 parte

85 2101 262 2177 subsistere,
286 2119 380 2179 quae,
399 2120 462 2161 oum
482 2102 612 2161 Armenii
635 2103 671 2162 ad
691 2103 838 2162 inferioris
860 2104 925 2162 vadi
945 2103 1066 2163 tutelam
1083 2120 1130 2161 re÷

86 2184 223 2259 diissent,
253 2204 306 2263 per
329 2188 463 2263 superius
498 2186 769 2262 transgrederetur,
796 2185 942 2262 Armenii,
970 2180 1129 2247 'eredentes

86 2269 263 2328 decursuros
292 2286 409 2345 omnes,
438 2269 555 2347 decepti
583 2278 648 2328 sunt
677 2288 693 2330 a
723 2271 950 2329 remanentibus.
1002 2269 1038 2329 Hi
1066 2288 1130 2329 cum

85 2352 241 2417 resistente
257 2353 337 2412 nullo
354 2354 458 2414 vadum
475 2362 680 2431 superassent,
693 2350 900 2415 transeuntium
917 2371 1036 2414 suorum
1047 2353 1129 2414 luere

87 2446 332 2515 propugnatores.
1050 2430 1056 2438 ⁴

173 2522 222 2581 11.
245 2521 358 2600 Appius
374 2518 511 2580 Claudius
536 2521 638 2581 consul
660 2522 753 2600 primo
775 2521 855 2582 bello
878 2522 1006 2597 Punico,
1030 2538 1131 2599 cuma

87 2604 202 2683 Rhegio
230 2605 394 2666 Messanam
420 2606 547 2664 traicere
576 2605 695 2666 militem
721 2607 871 2684 nequiret,
901 2605 1130 2665 custodientibus

85 2689 191 2749 fretum
214 2690 335 2765 Poenis,
359 2690 466 2769 sparsit
484 2707 645 2765 rumorem,
666 2692 749 2768 quasi
771 2689 879 2750 bellurn
901 2691 1009 2749 iniussu
1028 2689 1131 2769 populi

87 2774 235 2852 inceptum
263 2792 370 2851 gerere
399 2791 456 2832 non
486 2784 606 2852 posset,
636 2773 820 2852 classemque
842 2777 871 2834 in
893 2773 1004 2835 Italiam
1027 2789 1131 2833 versus

89 2874 122 2916 se
142 2875 233 2935 agere
252 2857 404 2917 simulavit.
448 2858 599 2935 Digressis
611 2857 723 2918 'deinde
742 2858 863 2935 Poenis,
887 2860 935 2936 qui
953 2857 1131 2936 profectioni

89 2943 151 3002 eius
173 2941 334 3002 habuerant
357 2943 458 3019 iidem,
486 2945 674 3002 circumactus
692 2960 782 3002 naves
805 2943 915 3022 adpulit
937 2943 1067 3002 Siciliae.

176 3025 225 3085 12.
251 3025 546 3087 Lacedaemoniorum
574 3027 683 3102 duces,
716 3045 781 3086 cnm
807 3028 968 3103 Syracusas
990 3027 1131 3102 navigare

90 3109 285 3169 destinassent
307 3121 336 3171 et
356 3112 521 3172 Poenorum
543 3111 712 3189 dispositam
734 3129 789 3189 per
810 3112 877 3172 litus
900 3111 1027 3171 classem
1048 3112 1129 3170 time·

87 3201 168 3269 rent,
192 3192 296 3254 decem
317 3194 439 3256 Punicas
465 3213 573 3270 naves,
601 3213 673 3273 quas
706 3193 836 3272 captivas
858 3195 1021 3268 habebant,
1041 3195 1131 3254 veluti

87 3277 227 3338 victrices
248 3281 354 3357 primas
374 3282 521 3340 iusserunt
544 3279 606 3355 agi,
623 3288 671 3338 aut
693 3298 709 3339 a
727 3280 819 3339 latere
842 3281 945 3339 iunctis
964 3287 1013 3339 aut
1030 3296 1131 3358 puppe

39 3362 41 3366 ’
88 3363 221 3440 religatis
244 3364 322 3423 aliis:
344 3382 400 3442 qua
422 3364 524 3442 specie
548 3362 681 3440 deceptis
702 3364 808 3424 Poenis
829 3365 1016 3424 transierunt.

176 3448 223 3509 13.
245 3448 412 3526 Philippus,
441 3465 506 3507 cum
527 3447 675 3524 angustias
700 3450 802 3526 maris,
823 3466 898 3527 quae
921 3445 1058 3524 Cyaneae
1081 3447 1129 3508 ad·
