2438 3848
275 156 617 208 sunauucnuarroou
638 158 708 208 um.
730 157 768 206 11.
790 159 866 209 car.
890 160 937 207 1v.
1084 148 1125 210 39

81 315 160 374 tinae
187 329 304 392 quoque
327 313 445 390 linguae
466 330 548 372 usum
570 313 599 372 ei
622 314 807 373 conversatio
828 315 948 392 pristina
964 323 1125 374 castrorum

81 398 231 472 dedisset,
252 398 420 474 imprimam
441 399 535 457 aciem
556 400 739 475 procucurrit
762 407 791 457 et
809 400 937 457 occisum
958 397 994 457 ab
1017 417 1051 457 se
1066 397 1125 458 lla·

80 482 155 540 mum
171 480 260 540 latine
278 480 404 540 clamare
418 483 533 558 coepit,
556 490 644 558 atque
656 482 693 541 ita
711 481 817 540 multos
830 490 995 541 nostrorum
1010 483 1124 541 avertit.

109 590 119 609 τ
169 565 220 624 11.
264 563 432 638 Myrouides
445 563 650 637 Atheniensis,
669 564 756 624 dubio
768 564 885 643 proelio
897 565 1036 625 aduersus
1049 565 1125 624 The·

82 648 177 708 banos
200 665 262 706 rem
281 665 406 724 gerens,
430 656 553 725 repente
576 649 605 706 in
625 647 758 708 dextrum
778 666 896 708 suorum
916 666 1007 709 cornu
1030 649 1125 728 prosi·

82 733 135 792 luit
158 740 188 790 et
210 731 402 807 exclamauit,
431 733 548 791 sinistro
574 732 630 790 iam
657 749 690 791 se
719 734 843 793 vicisse:
870 735 935 812 qua
953 751 986 792 re
1014 743 1044 793 et
1065 734 1125 792 suis

82 816 234 875 alacritate
254 824 283 874 et
304 813 437 874 hostibus
457 825 535 874 metu
553 817 661 874 iniecto
684 817 763 875 vicit.

170 897 220 958 12.
267 895 372 973 Cyrus,
390 898 531 958 adversus
544 897 705 976 Croesum,
718 899 889 978 praevalido
906 899 1031 961 hostium
1047 901 1126 977 equi-

81 983 154 1043 tatui
172 981 349 1042 camelorum
367 1000 489 1059 gregem
510 982 664 1061 obposuit;
689 1001 810 1061 quiorum
832 986 960 1045 novitate
984 994 1013 1044 et
1035 985 1128 1043 odore

83 1066 264 1126 consternati
292 1066 359 1144 equi
387 1082 444 1124 non
470 1066 564 1126 solum
590 1067 749 1126 insidentes
770 1069 1050 1145 praecipitaverunt,
1073 1067 1128 1126 sed

83 1151 214 1228 peditum
243 1166 361 1228 quoque
385 1166 503 1210 suorum
536 1152 654 1210 ordines
683 1152 881 1229 protriverunt
905 1152 1128 1229 vincendasque

84 1234 162 1294 hosti
183 1233 391 1311 praebuerunt.
1155 1244 1160 1254 ¹

173 1316 224 1378 13.
269 1317 396 1392 Pyrrhus
417 1315 603 1394 Epirotarum
626 1334 695 1392 rex,
720 1328 774 1396 pro
801 1317 964 1377 Tarentinis
987 1317 1129 1376 aduersus

85 1401 252 1477 Romanos,
281 1402 388 1462 eodem
413 1401 502 1461 modo
532 1401 696 1480 elephantis
725 1402 761 1462 ad
789 1401 1013 1480 perturbandam
1035 1403 1130 1462 aciem

83 1503 156 1546 usus
178 1494 233 1544 est.
686 1516 689 1522 ·

173 1570 223 1629 14.
271 1567 363 1628 Poeni
391 1585 508 1646 quoque
539 1568 681 1629 adversus
710 1567 857 1629 Romanos
888 1557 964 1630 idem
995 1569 1130 1630 iecerunt

84 1655 267 1731 frequenter.

174 1737 223 1797 15.
268 1735 445 1795 Volscorum
473 1745 568 1796 castra
599 1754 663 1796 cum
682 1753 777 1814 prope
796 1755 812 1796 a
833 1736 966 1813 virgultis
988 1735 1129 1813 silvisque

84 1822 184 1901 posita
211 1828 327 1894 essent,
357 1817 494 1880 Camillus
523 1838 559 1880 ea
582 1823 695 1894 omnia,
726 1838 802 1896 quae
831 1829 1005 1897 conceptum
1033 1820 1131 1896 ignem

87 1923 182 1983 usque
204 1905 233 1963 in
250 1903 357 1962 vallum
370 1903 505 1982 perferre
526 1913 677 1983 poterant,
697 1903 824 1962 incendit
839 1912 869 1963 et
884 1906 928 1962 sic
944 1902 1131 1963 adversarios

89 1989 171 2048 exuit
193 1987 306 2047 castris.

176 2070 226 2132 16.
270 2069 301 2131 P.
321 2067 446 2130 Crassus
470 2070 551 2130 bcllo
577 2069 681 2130 sociali
710 2069 814 2129 eodem
837 2070 924 2128 modo
950 2085 1045 2147 prope
1067 2087 1132 2127 cum

88 2156 185 2234 copiis
207 2153 339 2214 omnibus
363 2155 542 2232 interceptus
564 2163 619 2213 est.

177 2239 227 2299 17.
270 2237 392 2316 llispani
414 2249 516 2299 contra
537 2237 729 2298 Hamilcarem
753 2236 847 2296 boves
869 2235 1011 2296 vehiculis
1033 2234 1130 2296 adiun-

89 2332 155 2384 ctos
182 2323 211 2380 in
239 2323 330 2400 prima
351 2321 448 2381 fronte
474 2324 683 2383 constituerunt
704 2321 898 2400 vehiculoque
924 2320 1045 2397 taedae,
1067 2319 1132 2380 sebi

90 2417 121 2467 et
148 2405 293 2483 sulphuris
321 2405 424 2484 plena,
455 2409 539 2485 signo
567 2424 684 2484 pugnae
715 2406 799 2481 dato,
826 2406 1031 2466 incenderunt:
1059 2406 1132 2465 actis

89 2490 195 2551 deinde
216 2491 245 2548 in
266 2489 380 2549 hostem
400 2489 493 2550 bubus
517 2499 729 2550 consternatam
749 2492 841 2550 aciem
864 2497 1067 2568 perruperunt.

178 2573 227 2634 18.
271 2571 378 2633 Falisci
408 2583 438 2634 et
461 2574 704 2652 Tarquinienses,
735 2573 932 2649 compluribus
960 2589 1077 2631 suorum
1104 2572 1133 2630 in

88 2657 216 2719 habitum
234 2658 421 2717 sacerdotum
442 2659 626 2734 subornatis,
656 2658 737 2717 laces
761 2668 789 2717 et
808 2676 919 2735 angues
942 2657 1133 2736 praeferenti-

90 2742 162 2819 bus,
185 2741 281 2800 furiali
302 2744 420 2800 incessu
441 2743 535 2802 aciem
555 2742 750 2801 Romanorum
772 2742 972 2802 turbaverunt.

91 2906 128 2970 ὼ
180 2824 229 2885 19.
279 2823 359 2885 ldem
380 2824 522 2886 Veientes
550 2835 580 2886 et
608 2824 763 2886 Fidenates
792 2825 906 2886 facibus
935 2824 1064 2903 adreptis
1090 2822 1132 2882 ie·

129 2916 205 2970 runt.

178 2991 230 3052 20.
271 2991 384 3053 Atheus
408 3010 463 3052 rex
487 2992 676 3069 Scytharum,
705 3009 769 3051 cum
794 2992 935 3052 aduersus
963 2991 1134 3070 ampliorem

92 3075 287 3137 Triballorum
310 3077 471 3136 exercitum
494 3077 683 3152 confligeret,
707 3077 790 3135 iussit
811 3094 827 3135 a
849 3076 963 3135 leminis
985 3085 1014 3136 et
1034 3077 1133 3154 pueris

91 3162 228 3238 omnique
256 3159 367 3220 imbelli
392 3161 476 3220 turba
501 3178 611 3238 greges
635 3161 778 3220 asinorum
802 3178 837 3220 ac
855 3161 941 3220 boum
963 3161 999 3242 ad
1018 3170 1132 3239 postre-

90 3263 166 3304 mam
192 3244 317 3303 hostium
344 3247 436 3304 aciem
466 3245 614 3305 admoveri
644 3253 673 3303 et
699 3254 816 3304 erectas
843 3244 942 3304 hastas
969 3245 1131 3322 praeferri:

89 3329 195 3388 lamam
218 3327 323 3389 deinde
347 3328 476 3405 diffudit,
505 3339 648 3405 tamquam
671 3328 776 3388 auxilia
792 3329 858 3389 -sibi
886 3329 922 3389 ab
944 3327 1132 3388 ulterioribus

89 3411 208 3489 Scythis
228 3412 432 3485 adventarant;
457 3432 514 3492 qua
536 3413 759 3474 adseueratione
781 3415 887 3476 avertit
903 3414 1029 3474 bostem„
