2438 3848
132 174 172 239 32
462 186 540 268 suu.
558 188 646 238 ruurr
670 189 841 238 uuounun

129 344 199 421 gilla
218 342 413 403 marcentibus
436 344 645 420 confligerent,
669 344 738 404 loco
755 353 784 404 ut
805 343 940 405 voluerat
961 354 1041 424 arto,
1064 347 1093 406 iu
1117 365 1174 427 qno

129 427 245 489 Xerxes
263 427 442 489 multitudine
465 447 521 508 qua
542 428 711 507 praestabat
731 431 771 489 uti
793 446 850 488 nou
873 438 986 508 posset.

526 595 673 657 CAPUT
702 595 766 656 lll.

447 726 495 772 uu
521 722 602 811 nuru
631 725 850 775 comnenus.

216 852 243 909 1.
290 847 341 908 Cn.
366 847 466 925 Scipio
491 848 519 905 in
536 846 673 926 Hispania
690 848 831 908 adversus
849 847 1019 927 Hannonem
1036 850 1073 910 ad
1090 852 1173 930 oppi-

129 934 195 993 dum
217 932 348 993 Indibilis
370 931 494 1009 (regis),
517 946 582 991 cum
603 933 855 992 animadvertisset
871 933 1005 994 Punicam
1023 937 1117 995 aciem
1135 939 1174 996 ita

129 1018 286 1093 directam,
311 1026 342 1076 ut
368 1018 396 1076 in
418 1016 523 1076 dextro
545 1033 636 1075 cornu
657 1015 776 1096 Hispani
799 1020 1062 1094 constituerentur,
1086 1020 1172 1081 robu-

128 1112 190 1162 stus
210 1102 325 1180 quidem
346 1101 429 1160 miles
451 1100 504 1169 sed
531 1101 578 1178 qui
600 1100 723 1160 alienum
744 1103 894 1177 negotium
914 1111 1034 1179 ageret,
1055 1104 1085 1162 in
1105 1105 1174 1163 sini·

129 1196 190 1246 stro
209 1193 308 1246 'autem
330 1186 411 1262 Afri,
437 1185 521 1244 miles
546 1184 654 1244 viribus
679 1185 817 1245 infirmior
844 1185 898 1246 sed
925 1187 1010 1246 animi
1037 1197 1172 1248 coustan-

128 1273 227 1346 tioris,
255 1271 377 1329 reducto
408 1270 526 1328 sinistro
555 1269 647 1328 latere
673 1287 806 1344 suorum,
835 1270 938 1329 dextro
963 1287 1070 1347 cornu,
1093 1272 1173 1350 quod

127 1355 313 1415 validissimis
331 1352 467 1413 militibus
484 1361 687 1428 exstruxerat,
703 1354 822 1432 obliqua
839 1355 902 1413 acie
921 1372 986 1414 cum
1001 1354 1088 1415 hoste
1103 1374 1171 1416 con·

128 1438 215 1497 flixit:
242 1438 364 1511 deinde,
388 1438 461 1496 fusis
486 1436 652 1514 fugatisque
680 1436 777 1513 Afris,
807 1437 971 1516 Hispanos,
1004 1441 1053 1516 qui
1075 1440 1105 1498 in
1126 1458 1172 1499 re·

129 1540 216 1581 cessu
240 1521 432 1599 spectantium
450 1537 531 1578 more
554 1527 709 1597 steterant,
737 1522 826 1582 facile
844 1523 873 1581 in
894 1523 1073 1583 deditionem
1093 1542 1172 1584 com·

149 1606 210 1664 ulit.

128 1624 147 1685 p
213 1688 243 1747 2.
286 1687 435 1765 Philippus
458 1687 648 1748 lllaoedonum
670 1708 739 1765 rex,
762 1690 902 1750 adversus
922 1688 1039 1766 illyrios
1062 1691 1172 1752 bellum

128 1791 252 1850 gerens,
283 1781 313 1831 ut
335 1773 534 1832 animadvertit
556 1774 680 1833 frontem
703 1774 827 1832 hostiurn
851 1776 984 1852 stipatam
1007 1776 1112 1836 electis
1135 1779 1172 1838 de

128 1866 190 1918 toto
214 1857 346 1917 exercitu
368 1858 455 1932 viris,
485 1858 578 1918 latera
599 1868 694 1918 autem
716 1858 891 1934 infirmiora,
914 1860 1082 1920 fortissimis
1105 1880 1172 1922 suo-

127 1961 190 2002 rum
211 1943 239 2000 in
268 1942 371 2002 dextro
395 1959 485 2001 cornu
511 1943 689 2017 conlocatis,
720 1944 865 2002 sinistrum
888 1942 964 2003 latus
984 1945 1110 2005 bostium
1131 1947 1172 2006 in·

127 2028 203 2086 v'asit
221 2026 393 2104 turbataque
413 2035 473 2087 tota
497 2029 560 2087 acie
583 2028 733 2086 victoriam
755 2026 933 2104 profligavit.

213 2111 242 2171 3.
288 2111 457 2171 Pammenes
469 2111 640 2186 Thebanus,
658 2120 818 2189 conspecta
830 2110 983 2171 Persarum
996 2114 1077 2188 acie,
1097 2132 1172 2192 quae

128 2196 345 2256 robustissimas
368 2198 468 2273 copias
492 2197 520 2254 in
543 2197 647 2255 dextro
671 2213 761 2254 cornu
783 2195 953 2255 conlocatas
976 2196 1114 2272 babebat,
1135 2200 1171 2257 si-

126 2281 186 2338 mili
209 2281 321 2339 ratione
349 2282 466 2357 etipse
495 2297 563 2338 suos
592 2280 735 2340 ordinavit
762 2296 934 2357 omnemque
964 2282 1122 2358 equitatum
1144 2291 1174 2341 et

126 2364 314 2430 fortissimum
338 2379 482 2439 quemque
507 2363 634 2441 peditum
656 2365 684 2422 in
707 2364 811 2423 dextro
831 2381 938 2439 cornu,
962 2365 1171 2425 infirmissimos

128 2457 223 2508 autem
245 2454 345 2507 contra
368 2446 542 2505 fortissimos
565 2446 688 2507 bostium
709 2449 805 2526 posuit
828 2449 1056 2526 praecepitque,
1085 2460 1116 2510 ut
1138 2450 1173 2509 ad

128 2534 249 2611 primum
272 2532 409 2607 impetum
429 2547 529 2590 eorum
551 2531 605 2590 sibi
625 2531 695 2607 fuga
717 2531 905 2591 consulerent
924 2541 953 2591 et
974 2534 1003 2590 in
1025 2532 1172 2594 silvestria

129 2616 363 2692 confragosaque
378 2614 445 2674 loca
463 2634 496 2674 se
516 2617 695 2694 reciperent.
739 2614 781 2674 lta
801 2615 938 2676 frustrato
958 2616 1068 2676 robore
1088 2636 1172 2678 exer·

128 2703 218 2773 citus,
247 2699 312 2777 ipse
336 2701 444 2776 optima
472 2708 554 2778 parte
580 2701 682 2759 virium
705 2717 820 2760 suarum
843 2709 932 2760 totam
952 2702 1056 2760 circuit
1080 2705 1173 2763 aciem

128 2784 253 2844 hostium
276 2792 305 2842 et
327 2784 441 2842 avertit.

213 2869 243 2927 4.
288 2867 319 2927 Ρ.
343 2865 497 2927 Cornelius
512 2868 628 2946 Scipio,
654 2868 700 2927 cui
722 2876 827 2946 postea
848 2867 988 2929 Africano
1009 2886 1174 2946 cognomen

129 2952 198 3028 fuit,
227 2951 368 3011 adversus
395 2951 606 3012 Hasdrubalem
638 2952 801 3013 Poenorum
838 2952 941 3012 ducem
972 2955 1001 3011 in
1033 2953 1173 3033 Hispania

130 3035 239 3095 bellum
268 3054 391 3112 gerens,
420 3038 459 3096 ita
486 3055 541 3115 per
570 3038 722 3096 continuos
750 3036 813 3095 dies
844 3037 1006 3097 undiuatum
1035 3039 1174 3115 produxit

130 3122 306 3196 exercitum,
335 3130 364 3180 ut
381 3122 477 3182 media
499 3123 580 3182 acies
608 3120 773 3179 fortissimis
801 3120 979 3181 fundaretur.
1025 3121 1085 3182 Sed
1110 3141 1174 3184 oum

129 3205 231 3264 hostes
261 3222 379 3284 quoque
407 3205 509 3265 eadem
532 3205 645 3264 ratione
672 3203 794 3264 adsidue
817 3206 940 3265 ordinati
962 3206 1162 3285 procederent

129 3289 230 3366 Scipio
259 3306 295 3348 eo
318 3291 381 3367 die,
404 3307 461 3368 quo
483 3297 623 3348 statuerat
643 3287 821 3364 decernere,
846 3291 1032 3350 commutavit
1050 3291 1144 3351 instru

130 3375 216 3434 tionis
246 3373 394 3451 ordinem,
423 3382 452 3432 et
482 3373 661 3432 firmissimos
687 3373 793 3431 milites
816 3373 996 3449 legionarios
1021 3375 1052 3432 in
1077 3392 1146 3435 coru

130 3457 184 3520 bus
207 3459 372 3520 conlocavit
400 3476 435 3518 ac
463 3457 560 3517 levem
580 3464 751 3517 armaturam
772 3458 802 3516 in
820 3457 915 3518 media
941 3458 1026 3534 acie,
1051 3458 1106 3518 sed
1128 3479 1147 3520 r=
