2438 3848
421 169 497 218 SEX.
521 169 609 217 IULII
631 167 801 216 FRONTINI

493 321 642 383 CAPUT
665 321 722 383 lX.

252 456 300 503 na
324 454 513 503 snnrmorvn
533 454 686 502 nrnrnon
707 452 972 501 comensonrvnu.

174 578 200 636 1.
247 574 281 636 G.
306 575 433 637 Marcius
456 575 570 636 Rutilus
600 575 720 649 consul,
750 591 814 634 cum
843 575 1039 652 comperisset
1065 592 1133 634 con·

86 663 198 723 iurasse
216 661 323 721 milites
349 661 384 719 in·
399 659 528 719 hibernis
551 658 741 737 Campaniae,
765 666 796 718 ut
816 658 951 735 iugulatis
968 658 1133 737 hospitibus

85 747 141 825 ipsi
151 763 200 804 res
212 762 312 804 eornm
325 744 511 820 invaderent,
530 761 674 803 rumorem
686 744 814 821 spargit,
832 759 885 802 eos
901 742 1006 802 eodem
1022 743 1090 802 loco
1104 752 1133 802 et

85 847 161 889 anno
177 838 245 907 post
256 828 474 888 hibernaturos:
493 838 579 906 atque
595 829 632 888 ita
649 829 863 887 coniuratorum
879 827 1002 886 consilio
1015 827 1131 886 turbato

88 911 273 992 Campaniam
286 913 419 991 periculo
437 912 571 972 liberavit
583 921 612 970 et
627 931 664 970 ex
680 913 839 971 occasione
851 920 993 970 nocentes
1010 913 1131 989 punivit.

173 996 201 1055 2.
246 996 276 1057 L.
291 996 388 1072 Sulla,
406 1015 469 1056 cum
484 996 618 1072 legiones
636 996 741 1055 civium
754 995 948 1054 Romanorum
964 997 1132 1073 perniciosa

87 1081 230 1141 seditione
253 1081 401 1157 furerent,
426 1081 549 1140 consilio
565 1081 690 1139 restituit
705 1081 855 1140 sanitatem
876 1079 1015 1139 efferatis.
1061 1079 1131 1138 Pro·

87 1184 160 1244 pere
177 1167 253 1224 enim
273 1166 432 1227 adnuntiari
453 1167 535 1225 iussit
556 1164 671 1224 hostem
693 1164 799 1223 adesse
823 1172 852 1222 et
873 1163 909 1223 ad
927 1181 1005 1222 arma
1024 1180 1130 1223 vocan-

86 1251 155 1310 tium
177 1251 333 1310 clamorem
350 1250 431 1326 tolli,
452 1251 534 1327 signa
550 1266 668 1310 canere.
712 1248 854 1307 Discussa
870 1247 975 1307 seditio
991 1256 1052 1323 est,
1070 1249 1130 1307 u'ni·

86 1335 181 1393 versis
199 1335 340 1394 adversus
361 1334 476 1394 hostem
492 1332 749 1393 consentientibus.

173 1418 200 1479 3.
247 1416 298 1477 Cn.
313 1417 483 1495 Pompeius,
496 1417 638 1476 trucidato
652 1415 687 1476 ab
703 1416 835 1476 exercitu
845 1414 1002 1475 Mediolani
1018 1427 1130 1493 senatu,

86 1520 124 1561 ne
141 1500 288 1560 tumultum
304 1511 452 1577 moveret,
469 1502 493 1560 si
508 1500 591 1560 solos
608 1509 764 1560 evocasset
779 1510 937 1575 nocentes,
954 1501 1060 1560 mixtos
1076 1502 1129 1577 eis,

88 1586 136 1663 qui
162 1593 245 1644 extra
267 1584 403 1644 delictum
424 1594 524 1660 erant,
546 1586 646 1645 venire
669 1586 760 1645 iussit.
806 1583 849 1644 lta
872 1592 902 1643 et
922 1586 1001 1643 noxii
1019 1587 1130 1644 minore

88 1687 153 1729 cum
170 1677 264 1743 metu,
288 1669 431 1746 quianon
453 1672 618 1746 segregati,
641 1670 767 1748 ideoque
785 1686 843 1729 oon
860 1687 898 1728 ex
917 1686 1004 1727 causa
1026 1670 1130 1749 culpae

85 1752 259 1812 videbantur
274 1754 426 1827 arcessiri,
445 1763 683 1831 comparuerunt;
702 1763 730 1813 et
746 1754 801 1829 illi,
818 1752 923 1831 quibus
938 1754 1052 1829 integra
1069 1764 1131 1814 erat

87 1837 285 1912 conscientia,
311 1838 509 1897 custodiendis
530 1856 648 1918 quoque
664 1838 838 1898 nocentibus
862 1837 1072 1914 adtenderent,
1094 1857 1129 1898 ne

83 1921 200 1981 illorum
220 1921 289 1997 luga
309 1923 534 2001 inquinarentur.
661 1975 666 1984 .

171 2008 200 2066 4.
247 2002 281 2064 d.
305 2002 433 2082 Caesar,
458 2025 521 2066 cum
546 2005 687 2084 quaedam
712 2005 849 2081 legiones
872 2005 934 2064 eius
956 2004 1130 2073 seditionem

86 2090 266 2165 movissent,
283 2091 357 2151 adeo
376 2092 450 2150 utin
470 2091 628 2169 perniciem
645 2106 762 2167 quoque
779 2090 860 2150 ducis
876 2089 1045 2149 viderentur
1061 2107 1129 2149 con·

86 2185 290 2248 surrecturae,
313 2175 492 2235 dissimulato
514 2184 592 2250 metu
613 2175 761 2256 processit
778 2173 813 2233 ad
835 2173 957 2249 milites,
981 2175 1128 2252 postulan-

86 2256 222 2337 tibusque
249 2259 416 2317 missionem
441 2258 518 2318 ultro
548 2260 652 2317 minaci
673 2257 755 2316 vultu
780 2257 869 2330 dedit.
914 2257 1128 2318 Exauctoratos

87 2342 266 2420 poenitentia
289 2343 388 2418 coegit
405 2343 578 2402 satisfacere
594 2341 762 2419 imperatori
778 2342 1083 2422 obsequentioresque
1102 2344 1129 2400 in

84 2422 228 2502 reliquum
242 2440 350 2501 operas
366 2424 465 2487 edere.

503 2590 650 2654 CAPUT
677 2592 714 2654 X.

128 2721 404 2781 Quamnbntoount
425 2723 684 2772 INTEMPESTIVA
706 2723 925 2773 POSTULATIO
946 2725 1087 2774 PUGNAE
1157 2794 1160 2801 ι

493 2808 722 2856 INHIBEATUR.

173 2933 199 2989 1.
246 2931 280 3009 Q.
298 2929 463 3005 Sertorius,
480 2929 559 3007 quod
574 2931 775 3008 experimento
789 2929 931 2989 didicerat
947 2931 1085 3007 imparem
1097 2949 1130 2990 se

83 3015 223 3074 universo
242 3014 437 3074 Romanorum
454 3014 612 3090 exercitui,
628 3024 659 3074 ut
674 3013 816 3074 barbaros
834 3031 951 3092 quoque
964 3015 1130 3074 inconsulte

84 3116 211 3177 pugnam
229 3107 428 3178 exposcentes
450 3099 587 3175 doceret,
611 3097 742 3159 adductis
764 3099 793 3157 in
809 3107 1000 3177 conspectum
1015 3098 1129 3158 duobus

85 3183 184 3260 equis,
201 3183 298 3242 altero
317 3183 488 3261 praevalido
509 3182 603 3242 altero
621 3181 773 3242 admodum
796 3183 887 3257 exili,
911 3183 983 3242 duos
1001 3182 1130 3243 admovit

84 3266 206 3326 iuvenes
222 3268 353 3327 similiter
365 3267 510 3342 adiectos,
534 3266 683 3326 robustum
700 3276 728 3326 et
744 3267 902 3344 gracilem:
925 3276 954 3326 et
970 3265 1130 3328 robustiori

84 3350 253 3428 imperavit,
280 3367 358 3432 equo
385 3351 456 3411 exili
477 3351 642 3410 universam
667 3351 786 3412 caudam
807 3350 999 3429 abrumpere,
1023 3351 1129 3428 gracili

85 3442 196 3513 antem,
219 3436 410 3498 valentiorem
432 3452 485 3513 per
501 3434 614 3511 singula
631 3434 754 3497 vellere.
801 3433 931 3515 Cumque
947 3435 1068 3512 gracilis
1085 3436 1099 3496 l
1117 3467 1128 3478 ·
