2438 3848
121 173 182 234 116
453 181 529 230 sux.
553 182 642 229 1un11
664 180 834 230 saourrnr

119 355 282 398 mensuram
310 338 375 414 egi,
403 356 477 415 quae
501 337 591 397 eflicit
611 338 756 416 quinarias
779 350 805 395 11
827 335 905 395 milia
923 349 1003 395 mv:
1034 337 1168 415 amplius,

121 442 206 502 quam
229 425 257 481 in
278 424 507 496 commentariis,
537 423 676 500 quinariis
698 433 854 480 nnccnll.
899 416 1039 480 Omnibus
1063 421 1169 498 adpro·

120 508 201 566 batio
230 517 330 566 nostra
360 507 578 584 expeditissima
608 514 669 564 est:
707 513 812 581 erogat
842 507 917 564 enim
945 522 1065 580 omnes,
1097 523 1169 582 quas

121 609 255 651 mensura
278 586 537 666 deprehendimus,
562 590 591 649 id
614 601 659 649 est
680 591 803 648 nmilia
825 603 896 647 mv.

210 678 259 734 71.
304 674 467 734 Alsietinae
489 677 691 751 conceptionis
712 674 815 733 modus
837 675 936 733 necin
954 673 1170 731 commentariis

123 761 287 837 adscriptus
320 767 382 833 est,
417 777 473 817 nec
505 761 533 817 in
560 777 593 817 re
622 760 771 836 praesenti
794 767 900 816 certus
915 758 1037 816 inveniri
1061 758 1167 834 potuit;

123 864 187 903 cum
214 862 251 901 eu
279 842 344 900 lacu
367 841 513 901 Alsietino
540 852 568 900 et
593 842 697 902 deinde
722 844 800 900 circa
824 840 944 900 Careias
968 860 1006 900 ex
1029 841 1169 900 Sabatino

123 928 263 1004 accipiat,
296 935 430 1003 quantum
460 928 571 1005 aquarii
601 935 847 1004 temperaverunt.
893 925 1037 985 Alsietina
1066 933 1170 1002 erogat

121 1013 268 1090 quinarias
291 1023 437 1070 cccxcll.

211 1095 261 1156 72.
307 1093 444 1168 Claudia,
469 1094 660 1154 abundantior
683 1095 764 1168 aliis,
788 1095 912 1152 maxime
934 1094 1055 1152 iniuriae
1079 1110 1170 1168 expo·

128 1182 183 1240 sita
202 1189 256 1239 est.
301 1179 332 1238 ln
353 1180 566 1237 commentariis
589 1178 752 1237 babetnon
775 1176 1170 1257 plusquinariisssmilibus
1204 1187 1207 1193 '

124 1278 277 1338 Decem
302 1262 421 1323 eumad
444 1272 531 1340 caput
552 1264 710 1322 invenerim
730 1264 875 1341 quinarias
898 1276 935 1320 lv
957 1262 1035 1321 milia
1055 1274 1169 1321 Dcvn:

125 1349 266 1427 amplius,
290 1366 375 1426 quam
397 1349 425 1406 in
448 1349 678 1421 commentariis,
700 1360 857 1407 nocem.
902 1346 986 1405 Adeo
1007 1355 1105 1406 autern
1119 1363 1170 1404 no-

126 1442 186 1492 stra
215 1435 325 1491 certior
355 1441 400 1490 est
426 1449 576 1506 mensura,
606 1440 636 1490 ut
664 1432 700 1491 ad
729 1445 780 1490 vu
806 1431 842 1490 ab
869 1430 942 1489 urbe
968 1430 1121 1490 miliarium
1143 1431 1171 1488 in

127 1518 256 1595 piscina,
281 1516 330 1575 ubi
352 1515 527 1574 indubitatae
545 1533 700 1574 mensurae
721 1525 802 1590 sunt,
826 1516 1003 1573 inveniamus
1024 1516 1171 1592 quinarias

126 1615 166 1660 111
192 1600 270 1658 milia
297 1612 428 1659 cccxli:
456 1598 539 1677 plus,
572 1617 656 1675 quam
682 1602 710 1658 in
736 1601 965 1673 commentariis,
995 1611 1170 1658 cccchvfl:

127 1685 257 1762 quamvis
283 1693 313 1742 et
334 1702 372 1742 ex
393 1683 543 1742 beneficiis
565 1692 631 1742 ante
653 1685 798 1761 piscinam·
816 1693 937 1759 eroget,
966 1692 996 1742 et
1019 1683 1172 1760 plurimum

128 1767 258 1828 subtrahi
284 1767 581 1846 deprehenderimus,
613 1767 740 1845 ideoque
762 1771 854 1828 minus
877 1769 1054 1842 inveniatur,
1086 1784 1172 1844 quam

127 1871 160 1912 re
184 1870 255 1912 vera
275 1871 343 1912 esse
364 1851 487 1927 debeat,
512 1853 649 1929 quinariis
669 1866 819 1913 nccxov.
842 1858 846 1865 ’
865 1850 949 1911 Circa
970 1853 1173 1927 erogationem

127 1947 221 1998 autem
245 1937 325 1996 fraus
347 1936 485 2014 adparet,
509 1953 584 2015 quae
606 1954 702 2013 neque
725 1937 760 1997 ad
782 1938 1051 1997 commentariorum
1074 1936 1172 2010 fidem,

127 2040 224 2100 neque
248 2022 284 2080 ad
306 2038 373 2094 eas,
401 2025 473 2098 qu'as
497 2020 533 2079 ad
558 2030 644 2097 caput
665 2023 793 2096 egimus,
821 2039 988 2095 mensuras,
1015 2039 1112 2097 neque
1136 2022 1172 2081 ad

24 2171 27 2176 ,
127 2107 193 2165 illas
213 2105 316 2164 saltem
339 2104 375 2163 ad
399 2106 555 2182 piscinam,
577 2105 690 2164 scilicet
712 2116 780 2182 post
801 2115 845 2165 tot
866 2107 1001 2180 iniurias,
1026 2109 1172 2164 convenit.

128 2191 218 2250 Solae
243 2190 317 2248 enim
341 2190 487 2265 quinariae
510 2202 629 2249 mocon
652 2200 825 2265 erogantur:
853 2191 962 2264 minus,
986 2207 1072 2268 quam
1095 2207 1173 2249 com·

128 2275 332 2332 mentariorum
357 2273 431 2331 ratio
459 2273 525 2347 dat,
555 2274 691 2352 quinariis
715 2287 801 2342 Mcv3
830 2276 923 2333 minus
945 2283 1057 2349 autem,
1087 2292 1173 2351 quarn

128 2373 283 2413 mensurae
309 2355 345 2412 ad
370 2364 457 2431 caput
478 2357 574 2415 iactae
597 2358 883 2433 demonstraverunt,
914 2359 1051 2436 quinariis
1073 2372 1100 2417 11
1122 2361 1172 2417 mi·

129 2437 205 2497 libus
231 2449 433 2504 Dccccnvn;
465 2440 557 2498 minus
585 2445 684 2516 etiam,
718 2460 803 2520 quam
830 2445 859 2501 iu
880 2445 991 2520 piscina
1018 2443 1173 2517 invenitur,

129 2523 267 2598 quinariis
296 2534 435 2581 MDLxll.
479 2522 609 2601 ldeoque
637 2543 701 2584 cum
728 2529 843 2586 sincera
869 2529 896 2585 in
924 2527 1026 2585 urbem
1052 2529 1173 2606 proprio

128 2608 192 2664 rivo
216 2606 399 2684 perveniret,
428 2607 457 2665 in
479 2606 552 2666 urbe
577 2609 753 2668 miscebatur
774 2629 838 2670 cum
861 2611 975 2670 Anione
996 2610 1100 2686 Novo,
1132 2621 1173 2686 ut,

130 2691 304 2750 confusione
327 2690 421 2768 lacta,
452 2701 481 2751 et
510 2695 666 2770 conceptio
690 2712 787 2753 earum
812 2705 841 2754 et
863 2697 995 2772 erogatio
1018 2706 1099 2755 esset
1122 2696 1173 2757 ob·

130 2778 253 2846 scurior.
300 2774 384 2848 Quod
407 2778 430 2835 si
454 2777 502 2854 qui
524 2795 570 2836 me
592 2778 668 2836 forte
691 2778 911 2854 adquisitionum
933 2783 1076 2839 mensuris
1093 2780 1174 2840 blan-

129 2859 184 2918 diri
216 2869 333 2939 putant,
368 2860 539 2941 admonendi
569 2871 653 2936 sunt,
691 2863 766 2922 adeo
797 2862 923 2924 Curtium
956 2874 986 2922 et
1018 2862 1174 2926 Caerulum

129 2945 227 3003 iontes
246 2962 339 3022 aquae
355 2942 495 3003 Claudiae
518 2944 655 3004 sulficere
671 2946 706 3005 ad
725 2950 915 3024 praestandas
930 2949 1028 3008 ductui
1044 2966 1097 3009 suo
1114 2953 1175 3029 qui·

129 3029 243 3099 nerias,
272 3045 343 3103 quas
369 3028 544 3103 significavi,
573 3043 609 3088 1v
630 3030 707 3089 milia
729 3044 842 3107 Dcvss,
872 3043 903 3092 ut
924 3044 1079 3110 praeterea
1100 3049 1175 3095 nanc

131 3108 321 3169 effundantur.
366 3110 429 3171 Nec
448 3129 484 3170 eo
500 3113 626 3190 inficias,
650 3116 719 3192 quin
734 3133 786 3190 ea,
809 3135 884 3195 quae
899 3118 1097 3195 superfluunt,
1117 3138 1175 3179 nou

130 3193 186 3249 siut
201 3195 320 3269 proprie
336 3192 438 3253 borum
451 3196 588 3257 fontium:
612 3200 763 3276 capiuntur
777 3203 852 3284 enirn
868 3221 906 3261 ex
918 3202 1066 3279 Augusta,
1091 3222 1175 3282 quam

131 3276 275 3333 inventam
307 3278 333 3334 in
360 3276 488 3339 Marciae
517 3282 765 3360 supplementum,
801 3285 865 3344 dum
896 3287 946 3346 illa
974 3304 1033 3346 non
1053 3289 1174 3366 indiget,

130 3358 287 3418 adiecimus
308 3359 435 3419 lontibus
456 3360 612 3444 Claudiae,
636 3369 765 3445 quamvis
785 3387 821 3428 ne
840 3370 923 3431 huius
940 3373 1056 3450 quidem
1072 3374 1176 3435 ductus

131 3461 244 3503 ornnem
265 3461 369 3522 aquarn
392 3446 525 3522 recipiat.
