2438 3848
246 99 259 125 .

104 153 145 216 92
374 208 377 214 ,
432 161 812 211 anx.1un11nnour1n1

105 322 179 381 duos
202 319 330 381 admovit
352 317 473 377 iuvenes
500 315 632 376 similiter
653 314 804 390 adiectos,
827 315 978 375 robustum
999 322 1029 373 et
1051 315 1147 390 graci-

104 405 177 465 lem:
202 422 237 464 ac
261 401 420 462 robustiori
442 401 613 478 imperavit,
638 401 705 477 equi
728 399 815 460 exilis
839 401 1003 459 universam
1025 399 1148 458 caudam

105 489 298 567 abrumpere,
320 483 424 562 gracili
447 494 557 559 autem,
580 483 752 545 valentioris
771 483 974 562 persingulas
992 481 1147 560 pilosvel·

68 598 72 604 ·
104 573 178 633 lere.
224 568 354 648 Cumque
376 569 480 644 gracili
495 569 691 628 successisset
709 567 788 647 quod
807 569 979 645 imperatum
1001 574 1075 640 erat,
1097 583 1147 624 va·

63 679 68 688 ·
104 656 260 717 lidissimus
285 671 350 713 cnm
367 652 470 711 infirmi
489 653 556 729 equi
579 649 671 711 calida
692 654 754 711 sine
777 652 885 713 ellectu
900 651 1070 722 luctaretur,
1089 647 1147 707 Na-

104 750 216 813 turam,
247 738 337 813 iuquit
365 736 530 809 Sertorius,
560 733 752 795 Romanarum
781 737 883 795 virium
906 752 961 812 per
982 732 1040 793 boc
1062 731 1148 790 vobis

106 821 270 899 exemplum
293 819 427 893 ostendi,
450 819 571 878 milites:
600 818 813 898 insuperabiles
835 827 901 879 sunt
924 818 1075 876 universas
1098 815 1147 874 ad·

105 905 265 984 gredienti,
287 902 409 979 ‚easdem
431 901 573 962 lacerabit
589 910 618 962 et
636 913 758 982 carpet,
780 904 827 981 qui
849 920 905 980 per
926 910 1026 980 partes
1046 900 1148 961 adten-

104 990 218 1051 laverit.

192 1073 222 1131 7.
260 1070 398 1132 Valerius
409 1069 551 1129 Laevinus
564 1068 681 1143 consul,
699 1086 763 1128 cum
780 1069 853 1130 intra
866 1077 960 1129 castra
974 1080 1031 1128 sua·
1043 1067 1149 1145 explo-
1173 1114 1176 1119 .

105 1167 232 1218 retorem
249 1156 374 1215 hostium
393 1153 637 1232 deprehendisset
653 1170 845 1232 magnamque
862 1153 1011 1231 copiarum
1032 1169 1150 1211 suarum

105 1241 237 1301 iiduciam
258 1238 399 1313 haberet,
429 1237 605 1297 circumduci
633 1254 698 1295 eum
719 1238 817 1307 iussit;
843 1236 1032 1313 terrendique
1054 1233 1149 1295 hostis

107 1342 196 1385 causa
219 1323 341 1397 adiecit,
360 1322 509 1381 exercitus
530 1337 601 1380 suos
623 1320 762 1381 visendos
777 1318 1013 1400 speculatoribus
1035 1336 1149 1396 eorum,

108 1410 242 1486 quotiens
264 1407 443 1480 voluissent,
467 1412 579 1483 patere.

193 1489 223 1550 8.
265 1487 413 1549 caeditius
432 1487 637 1567 primipilaris,
661 1488 709 1565 qui
735 1487 763 1546 in
786 1485 938 1550 Germania
958 1497 1026 1567 post
1045 1486 1149 1548 Varia·

108 1591 172 1632 nam
194 1573 305 1632 cladem
327 1572 458 1632 obsessis
477 1572 585 1630 nostris
604 1588 658 1649 pro
680 1572 755 1631 duce
776 1571 848 1648 luit,
872 1573 997 1648 veritus,
1021 1590 1057 1632 ue
1080 1571 1147 1631 bar-

106 1657 170 1716 bani
199 1657 277 1732 ligna
301 1673 375 1733 quae
407 1663 549 1732 congesta
577 1663 659 1714 erant
683 1655 761 1715 vallo
789 1657 978 1716 admoverent
1000 1664 1029 1715 et
1052 1663 1150 1715 castra

108 1742 170 1799 eius
200 1739 407 1815 incenderent,
439 1740 570 1799 simulata
592 1739 736 1815 lignorum
759 1741 874 1818 inopia,
905 1741 1000 1799 missis
1020 1740 1149 1816 undique

107 1824 156 1903 qui
172 1841 207 1882 ea
230 1823 394 1883 furarentur
416 1823 534 1899 effecit,
557 1831 587 1882 ut
606 1822 740 1883 Germani
755 1825 908 1882 universos
928 1833 1047 1882 truncos
1069 1840 1149 1883 amo·

105 1907 236 1967 licentur.

192 1991 220 2054 9.
262 1990 316 2052 Cn.
340 1989 442 2067 Scipio
465 1988 545 2047 bello
562 1987 658 2048 navali
672 1989 829 2067 amphoras
844 1991 913 2068 pice
934 1998 964 2054 et
984 1987 1069 2049 taeda
1085 1987 1150 2066 ple·

107 2093 161 2135 nas
184 2077 213 2134 in
234 2076 360 2135 bostium
383 2073 507 2133 classem
525 2070 669 2132 iaculatus
686 2081 749 2149 est,
773 2092 893 2152 quarum
910 2076 1004 2134 iactus
1026 2081 1056 2131 et
1075 2089 1151 2150 pon·

107 2160 178 2221 dere
191 2160 268 2220 foret
280 2160 384 2218 noxius
397 2165 427 2217 et
442 2155 646 2233 diffundendo,
660 2174 735 2234 quae
748 2156 964 2233 continuerant,
984 2156 1151 2216 alimentum

46 2281 48 2285 .
106 2252 272 2321 praestaret
288 2241 433 2300 incendio.

196 2327 245 2386 10.
288 2323 431 2386 Hannibal
452 2324 517 2400 regi
540 2322 688 2384 Antiocho
709 2325 896 2399 monstravit,
920 2325 998 2384 utin
1023 2322 1151 2383 hostium

109 2408 235 2467 classem
256 2407 376 2467 vascula
394 2408 569 2466 iacularetur
589 2409 699 2485 viperis
720 2408 819 2486 plena,
843 2426 962 2486 quarum
983 2417 1060 2467 metu
1081 2426 1152 2485 per·
1173 2457 1175 2461 ,

107 2490 199 2551 territi
213 2491 319 2551 milites
336 2510 352 2550 a
367 2489 552 2550 dimicatione
568 2500 597 2550 et
611 2492 733 2551 nauticis
748 2493 915 2552 ministeriis
931 2492 1150 2569 impedirentur.

191 2576 239 2634 11.
283 2574 364 2635 ldem
386 2575 472 2651 fecit,
496 2576 552 2635 iam
572 2575 698 2639 cedente¹
717 2576 813 2635 classe
835 2593 906 2651 sua,
925 2574 1051 2635 Prusias.

189 2657 237 2716 12.
281 2657 320 2718 Μ.
344 2659 465 2719 Porcius
486 2659 595 2736 impetu
622 2661 650 2717 in
671 2658 795 2718 classem
816 2658 941 2719 hostium
962 2676 1027 2718 cum
1047 2658 1150 2719 transi-

106 2739 228 2817 luisset,
256 2743 418 2804 deturbatis
445 2761 483 2803 ex
506 2759 541 2802 ea
563 2741 669 2802 Poenis
693 2759 792 2802 eorum
815 2761 852 2802 ue
935 2743 941 2757 ·
1032 2743 1138 2779 ἥψω
