2438 3848
187 172 530 226 srmnnonmnowon
548 174 619 224 1213.
635 174 687 225 111.
711 173 788 226 ΟΔΡ.
811 174 989 227 XIV-XVI.
1066 164 1107 224 75

150 329 181 393 6.
227 328 428 406 Thrasybulus
455 329 514 391 dux
533 327 730 406 Milesiorum,
757 347 822 390 cum
843 328 933 408 longa
954 329 1109 391 obsidione

62 414 174 475 milites
197 415 241 475 sui
263 424 441 492 angerentur
465 413 502 475 ab
523 412 662 491 Alyatte,
688 415 738 492 qui
759 412 899 494 sperabat
922 431 976 475 eos
998 413 1035 475 ad
1057 413 1109 475 de·

63 499 204 561 ditionem
233 497 309 559 fame
339 515 431 578 posse
462 497 617 577 compelli,
649 496 704 558 sub
726 498 880 559 adventum
900 496 1026 573 Alyattis
1050 497 1110 558 fru-

64 592 193 644 mentum
214 599 301 642 omne
320 583 349 642 in
370 583 466 643 forum
488 582 666 661 comportari
683 583 782 659 iussit,
805 591 834 642 et
850 582 992 642 conviviis
1012 581 1066 642 sub
1080 581 1110 643 id

65 677 183 746 tempus
204 667 339 727 institutis
357 684 413 746 per
430 675 520 728 totam
541 665 644 726 urbem
660 667 763 744 epulas
786 666 947 744 praestitit3
969 675 1056 745 atquc
1072 665 1111 727 ita

65 752 216 831 persuasit
237 750 314 810 hosti
337 768 497 830 superesse
518 751 591 832 ipsis
609 752 720 831 copias,
745 750 850 831 quibus
864 750 1025 812 diuturnam
1046 768 1109 811 sus·

65 835 194 898 tinerent
216 834 409 896 obsidionem.

461 998 609 1061 CAPUT
630 999 721 1061 XVI.

155 1132 225 1192 QUA
256 1130 413 1180 RATIONE
440 1130 700 1180 PRODITORIBUS
732 1131 779 1178 ΕΤ
810 1132 1026 1183 TRANSFUGIS

470 1214 712 1264 oecononum.

157 1339 184 1398 1.
230 1335 367 1398 Claudius
388 1334 564 1412 Marcellus,
594 1336 713 1414 cognito
736 1335 860 1396 consilio
881 1335 975 1396 Bautii
994 1335 1111 1413 Nolani,

68 1424 120 1501 qui
144 1438 334 1501 corrumpere
356 1420 391 1481 ad
414 1421 614 1481 delectionem
629 1420 788 1499 populares
804 1420 938 1483 studebat
960 1421 1111 1482 et·Hanni·

67 1506 129 1567 bali
152 1505 388 1583 gratificabatur,
418 1504 496 1584 quod
524 1505 601 1565 illius
628 1504 773 1566 beneficio
801 1514 917 1566 curatus
938 1506 1015 1566 inter
1038 1505 1111 1567 Can-

68 1608 178 1650 nenses
203 1591 318 1650 saucius
337 1598 420 1651 etex
443 1590 611 1668 captivitate
633 1591 772 1651 remissus
795 1590 832 1652 ad
853 1606 924 1651 suos
948 1598 1021 1666 erat,
1044 1592 1112 1670 qnia

69 1674 239 1735 interlicere
262 1691 343 1749 eum,
370 1692 407 1735 ne
435 1675 580 1753 supplicio
602 1675 665 1735 cius
685 1674 816 1753 reliquos
840 1675 1002 1736 concitaret
1023 1674 1112 1736 Nola-

68 1776 142 1835 nos,
171 1774 229 1819 non
251 1757 393 1834 audebat,
424 1761 596 1820 arcessitum
623 1759 660 1818 ad
688 1776 721 1819 se
744 1758 899 1820 adlocutus
927 1768 973 1819 est
999 1757 1112 1835 dicens,

68 1843 259 1904 fortissimum
283 1860 349 1900 eum
365 1843 484 1903 militem
504 1860 590 1918 esse,
615 1842 692 1920 quod
713 1851 799 1903 antea
811 1842 997 1929 ignorasset,
1015 1843 1112 1904 horta·

69 1937 176 2007 rusque
192 1935 254 2001 est,
273 1934 303 1985 ut
325 1944 425 1985 secum
443 1935 623 2001 moraretur,
646 1936 675 1985 et
690 1943 780 2003 super
794 1925 951 1985 verborum
970 1925 1112 1986 honorem

71 2027 150 2090 equo
168 2027 285 2089 quoqne
301 2009 434 2069 donavit:
460 2027 515 2087 qua
536 2006 716 2085 benignitate
731 2025 790 2068 non
810 2007 888 2067 illius
904 2018 1011 2068 tautum
1027 2009 1112 2070 fidem

70 2094 125 2157 sed
147 2096 234 2155 etiam
257 2093 457 2171 popularium,
477 2093 526 2171 qui
548 2110 586 2151 ex
607 2092 658 2152 illo
675 2091 861 2171 pendebant,
883 2090 938 2151 sibi
961 2091 1111 2170 obligavit.

63 2216 67 2223 ·
158 2178 187 2238 2.
224 2176 370 2237 Hamilcar
392 2177 450 2237 dux
470 2174 654 2251 Poenorum,
678 2194 742 2235 cum
763 2177 936 2254 frequenter
956 2177 1114 2237 auxiliares

71 2260 147 2325 Galli
170 2261 206 2323 ad
224 2261 372 2320 Romanos
395 2261 551 2320 transirent
572 2269 601 2320 et
622 2260 678 2319 iam
696 2278 735 2320 ex
755 2261 965 2322 consuetudine
987 2270 1018 2322 ut
1039 2262 1113 2321 socii

71 2347 293 2425 exciperentur,
314 2344 369 2404 sibi
382 2344 569 2405 fidelissimos
585 2342 754 2406 subornavit
770 2344 806 2406 ad
819 2344 1007 2407 simulandam
1021 2354 1113 2407 trans·

71 2433 209 2505 itionem,
233 2429 281 2508 qui
302 2428 451 2491 Romanos
479 2429 718 2508 excipiendorum
744 2447 844 2490 eorum
866 2446 954 2491 eausa
974 2447 1112 2508 progres-

71 2532 124 2577 sos
140 2515 320 2576 ceciderunt.
366 2513 448 2588 Quae
464 2514 596 2574 sollertia
610 2513 765 2575 Hamilcari
780 2532 837 2574 non
852 2522 960 2574 tantum
976 2515 1013 2575 ad
1029 2532 1114 2594 prae·

71 2607 186 2660 sentem
201 2597 309 2677 profuit
328 2616 514 2674 successum,
536 2597 590 2659 sed
611 2599 639 2657 iu
654 2607 805 2677 posterum
825 2600 986 2676 praestitit,
1008 2607 1038 2658 ut
1055 2598 1114 2659 Ro·

70 2684 164 2744 manis
185 2683 248 2742 veri
271 2699 388 2761 quoque
406 2682 574 2760 transfugae
596 2683 693 2743 forent
714 2683 855 2761 suspecti.

160 2767 189 2828 3.
233 2765 334 2826 Hanno
360 2764 639 2844 Carthaginiensium
666 2767 878 2845 imperatorin
903 2765 1019 2841 Sicilia,
1050 2783 1115 2825 cum

71 2851 269 2930 comperisset
290 2848 437 2912 Gallorum
465 2851 711 2911 mercenariorum
741 2851 858 2910 circiter
885 2858 1020 2928 quattuor
1038 2851 1116 2910 milia

72 2936 261 3015 conspirasse
278 2933 313 2994 ad
328 2934 575 3012 transfugiendum
592 2936 629 2995 ad
640 2933 804 3010 Romanos,
821 2934 898 3012 quod
914 2933 1024 3012 aliquot
1035 2952 1117 2994 men-

72 3021 147 3081 sium
170 3017 324 3079 mercedes
346 3037 404 3079 non
426 3027 618 3096 receperant,
640 3018 873 3078 animadvertere
895 3026 991 3078 autem
1012 3019 1040 3077 in
1063 3035 1116 3079 eos

71 3120 132 3165 non
146 3103 268 3165 auderet
285 3112 363 3163 metu
376 3103 547 3178 seditionis,
563 3101 695 3181 promisit
711 3101 884 3181 prolationis
899 3101 1029 3163 iniuriam
1044 3101 1116 3163 libe·

71 3186 191 3250 ralitate
214 3205 247 3249 se
270 3197 470 3267 pensaturnm:
494 3203 552 3264 quo
575 3187 689 3247 nomine
714 3187 822 3263 gratias
840 3187 995 3262 agentibus
1014 3186 1115 3262 Gallis,

72 3289 130 3351 per
150 3280 265 3350 tempus
290 3272 426 3332 idoneum
454 3270 551 3330 dilatis
573 3269 711 3348 pollicitis
740 3269 938 3331 fidelissimum
965 3273 1116 3349 dispeusa-

72 3365 168 3417 torem
188 3355 224 3416 ad
242 3354 396 3416 Otacilium
415 3354 566 3416 consulem
587 3355 679 3430 misit,
703 3354 770 3433 qui,
792 3363 935 3432 tamquam
957 3354 1116 3415 rationibus

72 3438 245 3502 interversis
277 3439 500 3518 transfugisset,
527 3439 665 3500 nuntiauit
692 3446 781 3499 nocte
807 3439 943 3519 proxima
968 3437 1130 3497 Gallam
