2438 3848
252 166 594 217 aunnuucnmnurcon
613 168 682 216 nra.
705 168 727 217 1.
752 167 827 216 cue.
849 152 893 216 vj
1067 156 1106 219 13

60 321 176 385 montes
204 321 345 403 abruptos
372 323 491 400 longum
518 331 548 383 et
575 333 728 400 augustum
744 323 801 383 iter
820 323 971 399 ingressus
995 343 1105 403 paucas

61 411 187 470 duceret
207 408 346 468 cohortes
359 409 612 486 comperissetque
624 409 771 486 ingentem
786 424 898 467 manum
917 406 1043 467 bostium
1056 410 1105 470 ad·

60 502 202 570 ventare,
224 492 333 553 lossam
352 501 549 552 transversam
570 495 645 552 inter
672 500 786 551 montes
809 493 919 569 pressit
940 491 1105 571 vallumque

61 577 183 637 materia
205 585 382 636 exstructum
398 577 539 650 incendit,
558 585 645 655 atque
658 577 696 637 ita
715 575 874 635 intercluso
895 575 981 635 hoste
1000 578 1103 636 evasit.

146 661 177 721 9.
201 658 234 719 G.
257 658 368 720 Caesar
381 659 462 719 bello
480 660 573 735 civili,
594 679 659 719 cum
675 660 817 719 adversus
834 659 984 719 Afranium
1003 662 1104 738 copias

62 746 207 806 educeret
226 753 256 805 et
280 743 443 821 recipiendi
462 761 495 802 se
517 745 580 803 sinc
601 744 734 822 periculo
751 743 920 803 facultatem
938 761 997 803 non
1014 744 1104 804 habe·

60 837 123 904 ret,
149 829 225 888 sicut
246 829 433 901 constiterat,
458 828 548 905 prima
572 835 600 886 et
629 826 757 887 secunda
776 829 839 886 acie
862 827 959 887 furtim
979 846 995 888 a
1017 837 1102 906 tergo

60 913 96 973 ad
113 929 188 991 opus
209 911 373 990 adplicata,
389 911 552 988 quindecim
567 912 673 990 pedum
692 911 802 971 fossam
822 909 909 987 lecit,
929 913 1003 972 intra
1019 930 1104 991 quam

60 996 115 1056 sub
133 1012 272 1056 occasum
293 995 365 1055 solis
383 996 483 1054 armati
505 1012 539 1053 se
561 995 669 1054 milites
691 996 754 1053 eius
777 1004 964 1072 receperunt.

148 1080 198 1139 10.
222 1078 352 1139 Pericles
375 1078 612 1153 Atheniensis,a
631 1077 853 1155 Peloponnesiis
871 1080 900 1136 in
921 1096 986 1138 eum
1007 1080 1104 1140 locum

60 1163 248 1241 compulsus,
271 1164 319 1241 qui
341 1162 466 1240 undique
489 1161 619 1239 abruptis
642 1162 753 1220 cinctus
782 1161 855 1220 duos
878 1170 986 1221 tantum
1008 1167 1103 1224 exitus

58 1247 205 1323 babebat,
228 1247 265 1306 ab
287 1246 378 1306 altera
399 1255 483 1324 parte
501 1245 609 1304 fossam
626 1245 750 1322 ingentis
772 1244 928 1304 latitudinis
951 1247 1031 1307 duxit
1051 1267 1102 1308 ve·

59 1332 103 1392 lut
125 1330 218 1390 bostis
240 1329 416 1389 excludendi
438 1347 543 1404 causa,
565 1328 601 1388 ab
623 1329 715 1389 altera
736 1328 854 1388 limitem
877 1346 968 1406 agere
991 1335 1101 1410 coepit,

58 1424 207 1493 tamquam
225 1432 279 1492 per
301 1432 366 1474 eum
392 1423 557 1492 erupturus.
608 1412 631 1472 li
660 1414 708 1491 qui
735 1412 926 1489 obsidebant,
957 1435 1022 1475 cum
1048 1435 1105 1495 per

57 1501 170 1561 fossam
191 1516 277 1577 quam
303 1499 369 1577 ipse
397 1496 510 1557 lecerat
537 1498 698 1557 exercitum
722 1496 844 1557 Periclis
867 1515 925 1557 nou
947 1501 1103 1560 crederent

58 1600 232 1658 evasurum,
253 1583 383 1642 universi
406 1601 422 1641 a
444 1582 534 1640 limite
563 1581 747 1642 obstiterunt.
793 1582 941 1658 Pericles,
965 1585 1102 1663 pontibus

58 1684 135 1746 quos
157 1675 385 1746 praeparaverat
406 1666 506 1726 fossae
526 1668 657 1744 iniectis,
677 1683 764 1742 suos,
786 1684 842 1746 qua
864 1684 921 1726 non
943 1670 1100 1729 resisteba-

57 1761 122 1828 tur,
142 1752 248 1810 emisit.

145 1835 195 1898 11.
217 1833 421 1910 Lysimachus,
452 1852 490 1894 ex
514 1834 558 1894 his
581 1853 653 1894 uuus
685 1835 713 1893 in
742 1852 817 1913 quos
847 1854 921 1914 opes
941 1836 1100 1897 Alexandri

56 1919 251 1994 transierunt,
275 1937 340 1979 cum
355 1919 461 1978 editum
482 1919 589 1978 collem
604 1919 708 1978 castris
725 1920 917 1993 destinasset,
935 1923 1099 1998 impruden·

56 2005 97 2062 tia
118 2010 215 2062 autem
235 2019 352 2062 suornm
372 2003 401 2061 in
422 2002 589 2061 inferiorem
618 2003 759 2062 deductus
782 2011 936 2062 vereretur
958 2022 995 2063 ex
1011 2023 1098 2082 supe·

55 2087 137 2145 riore
158 2084 285 2145 bostium
303 2087 463 2161 incursum,
484 2086 616 2163 triplices
638 2086 735 2144 fossas
753 2086 825 2146 intra
844 2086 951 2152 vallum
973 2087 1098 2148 obiecit:

57 2169 165 2230 deinde
193 2168 388 2230 subsimilibus
417 2169 506 2229 fossis
539 2171 617 2228 circa
650 2171 743 2228 omnia
771 2173 895 2230 tentoria
922 2171 1015 2232 ductis
1038 2181 1099 2233 tota

57 2262 156 2314 castra
178 2253 309 2314 confodit
330 2262 375 2329 et,
401 2255 565 2331 intercepto
592 2253 717 2313 bostium
740 2253 833 2330 aditu,
857 2254 940 2314 simul
961 2256 1047 2316 bomo
1070 2266 1099 2317 et

55 2336 227 2414 frondibus,
253 2355 325 2417 quas
347 2337 436 2398 fossis
465 2338 686 2417 superiecerat,
708 2336 786 2397 iacto
809 2346 915 2418 ponte,
938 2341 1045 2419 impetu
1071 2344 1099 2401 in

56 2422 213 2502 superiora
236 2423 338 2482 evasit.
740 2465 742 2468 -

144 2505 193 2565 12.
217 2505 250 2571 T.
262 2505 402 2566 Fonteius
423 2507 538 2584 legatus
561 2508 590 2567 iu
611 2506 765 2585 Hispania,
786 2524 850 2565 cum
869 2505 961 2566 tribus
983 2507 1098 2568 milibus

10 2585 14 2592 ’
54 2589 203 2650 bominum
225 2591 394 2668 praedatum
422 2591 573 2668 proiectus
602 2591 730 2668 locoque
759 2592 857 2668 iniquo
886 2592 1099 2651 circumventus

54 2673 92 2733 ab
114 2673 315 2751 Hasdrubale,
334 2674 494 2753 adprimus
516 2684 623 2734 tantum
645 2676 762 2734 ordines
785 2676 879 2735 relato
899 2677 1039 2752 consilio,
1057 2678 1098 2735 in·

56 2759 185 2836 cipiente
224 2767 330 2834 nocte,
361 2775 419 2835 quo
452 2768 586 2837 tempore
614 2759 728 2818 minime
763 2759 1007 2838 exspectabatur,
1046 2779 1099 2839 per

55 2843 200 2902 stationes
217 2841 343 2902 bostium
363 2844 505 2921 prorupit.

143 2924 192 2986 13.
219 2924 250 2985 L.
269 2925 390 3002 Furius,
409 2927 541 2986 exercitu
557 2926 701 3003 producto
720 2925 748 2984 in
765 2924 863 2985 locum
879 2927 1020 3005 iniquum,
1034 2947 1098 2989 cum

56 3010 257 3070 constituisset
285 3010 436 3070 occultare
458 3009 683 3070 sollicitudinem
705 3026 803 3083 snam,
825 3027 863 3068 nc
885 3011 990 3090 reliqui
1009 3016 1098 3093 trepi-

54 3093 175 3170 darent,
191 3093 339 3172 paullatim
355 3094 475 3155 inllectit
486 3094 555 3169 iter,
568 3103 712 3171 tamquam
725 3093 847 3153 circuitu
859 3095 967 3154 maiore
984 3096 1098 3158 hostem

54 3178 267 3256 adgressurum
291 3195 497 3257 conversoque
520 3180 651 3255 agmine,
675 3178 807 3254 ignarum
828 3179 872 3238 rei
894 3197 969 3256 quae
990 3182 1097 3259 ageba·

52 3271 98 3323 tur
118 3263 281 3323 exercitum
301 3263 475 3323 incolumem
495 3262 620 3322 reduxit.

55 3409 56 3413 ,
139 3347 197 3407 14:
211 3345 241 3405 Ρ.
262 3346 390 3422 Decius,
410 3345 540 3406 tribunus
559 3345 640 3405 bello
654 3345 826 3422 Samnitico,
844 3343 982 3419 §melio
1002 3347 1097 3408 Cosso

53 3431 167 3492 consuli
187 3431 292 3509 iniquis
311 3430 387 3490 locis
405 3429 591 3508 deprehenso
616 3429 653 3490 ab
672 3429 807 3491 bostibus
830 3431 944 3504 suasit,
962 3439 997 3489 ut
1009 3448 1101 3488 occu·
