2438 3848
235 167 576 217 annnnnonmxmcon
598 170 668 218 me.
686 169 733 216 1v.
756 170 831 219 car.
845 173 951 220 1-111.
1072 159 1112 221 85

68 321 124 380 iam
145 321 214 381 inde
238 338 254 380 a
278 321 413 400 Philippo
432 332 515 400 patre
532 319 703 400 disciplinae
719 323 914 400 adsuefactis,
937 326 1038 386 orbem
1054 335 1112 386 ter-

67 422 164 464 rarum
186 405 344 480 adgressus
369 408 531 465 innumeras
553 407 678 467 hostium
701 409 802 485 copias
823 409 902 467 vicit.

154 489 184 547 5.
208 486 339 571 porrus]
364 490 445 549 bello
468 489 611 550 adversus
636 489 761 573 [Persas]
786 494 1016 569 quahuordecim
1040 493 1112 551 mili·

67 571 123 632 hus
145 582 319 633 armatorum
338 574 492 633 immensas
513 572 702 634 difficultates
723 575 882 654 superavit.

153 657 182 717 6.
225 655 440 736 Epaminondas
463 657 521 717 drrx
542 656 745 717 Thebanorum
763 668 899 736 quattuor
920 659 1034 718 milibus
1059 659 1112 718 ho·

66 741 190 815 minum,
214 757 252 799 ex
270 740 373 819 quibus
386 741 587 818 quadringenti
605 750 711 802 tantum
724 743 838 821 equites
853 752 950 818 erant,
964 741 1112 809 Lacedae·

66 824 229 883 modiorum
250 825 411 884 exercitum
425 825 527 901 viginti
547 833 682 903 quattuor
697 824 803 887 milium
823 827 962 904 peditum,
985 829 1113 906 equitum

66 906 147 967 mille
172 915 380 968 sexcentorum
401 909 480 968 vicit.

153 990 183 1050 7.
228 988 255 1051 A
283 992 515 1070 quattuordecim
543 989 658 1051 milibus
678 991 871 1067 Graecorum,
900 995 948 1072 qui
976 1012 1112 1054 numerus

67 1075 97 1133 in
120 1072 236 1134 auxiliis
258 1072 328 1151 Gyri
351 1076 492 1136 adversus
513 1074 699 1135 Artaxerxen
720 1075 789 1150 fuit,
810 1084 924 1135 centum
944 1077 1023 1136 milia
1045 1077 1111 1138 ban·

67 1158 205 1218 banorum
226 1160 342 1237 proelio
361 1161 489 1239 superati
511 1168 588 1219 sunt.

155 1241 184 1302 8.
225 1242 334 1304 Eadem
348 1244 525 1304 Graecorum
543 1243 773 1320 quattuordecim
788 1244 883 1318 milia,
898 1241 1014 1320 proelio
1028 1243 1111 1300 amis-

67 1327 109 1384 sis
133 1326 273 1403 ducibus‚
299 1327 409 1387 reditus
438 1327 482 1385 sui
509 1345 578 1386 cura
612 1344 650 1386 ex
682 1343 809 1405 corpore
841 1343 894 1385 suo
922 1324 1112 1403 Xenophonti

67 1409 241 1469 Atheniensi
265 1411 454 1487 demandata,
480 1428 535 1490 per
560 1411 657 1489 iniqua
684 1419 715 1470 et
741 1411 841 1487 ignota
865 1410 933 1471 loca
956 1409 1112 1470 incolumia

67 1511 192 1553 reversa
214 1503 288 1553 sunt.

154 1577 183 1638 9.
231 1577 365 1653 Xerxes,
388 1577 424 1637 ah
446 1578 585 1638 trecentis
603 1575 898 1638 Lacedaemoniorum
915 1576 951 1638 ad
971 1575 1111 1636 Thermo·
1143 1638 1147 1647 ,

68 1660 153 1739 pylas
177 1671 317 1738 vexatus,
349 1681 413 1720 curn
438 1663 488 1720 vix
510 1659 568 1720 'eos
598 1661 795 1737 coniecisset,
822 1661 880 1721 hoc
900 1680 933 1721 se
956 1660 1112 1739 deceptum

67 1743 182 1821 aiebat,
214 1744 291 1824 quod
317 1745 425 1805 multos
455 1746 571 1822 quidem
589 1745 722 1805 homines
743 1744 883 1820 haberet,
912 1746 992 1803 viros
1015 1752 1112 1804 autem

67 1827 240 1908 disciplinae
260 1839 380 1889 tenaces
402 1827 509 1888 nullos.

410 1938 421 1957 ⁶
469 1991 620 2054 CAPUT
639 1991 702 2053 111.

424 2123 473 2170 Du
503 2120 752 2171 conclusum.
1142 2179 1163 2205 h
1195 2196 1202 2231 r

157 2249 184 2307 1.
227 2245 265 2305 Μ.
290 2244 431 2306 Catonem
452 2244 521 2303 vino
545 2223 667 2318 eodem,
694 2256 751 2319 quo
773 2241 919 2319 remiges,
946 2218 1202 2359 contentumppj,.-'3

1177 2324 1202 2365 Π

65 2333 158 2392 fuisse
182 2331 312 2390 traditur.
1078 2387 1122 2409 s

154 2415 183 2473 2.
225 2413 393 2489 Fabricios,
423 2429 488 2472 cum
510 2407 618 2470 Cineas
647 2408 762 2486 legatus
789 2404 974 2485 Epirotarum
999 2406 1134 2484 grande}

68 2500 184 2579 pondus
207 2499 267 2558 auri
296 2498 373 2558 dono
396 2497 423 2556 ei
446 2496 546 2570 daret,
570 2511 627 2552 non
651 2500 777 2570 accepto
799 2507 836 2550 ec
859 2490 946 2566 dixit,
969 2491 1131 2621 mallem}

65 2582 243 2643 habentibus
265 2581 294 2642 id
315 2583 478 2659 imperare,
502 2596 587 2658 quarn
609 2576 749 2672 habere..

62 2665 183 2809 s‘enatffi
199 2664 450 2818 ucAAAlccessore,
480 2741 624 2801 destitutis
652 2737 742 2796 rebus
765 2733 847 2793 obitu
869 2735 949 2793 servi
970 2752 1109 2794 necessa·

62 2834 135 2892 riam
159 2847 228 2889 esse
249 2829 445 2906 praesentiam
468 2842 559 2884 suam.
1104 2862 1138 2887 ,.
1175 2878 1191 2905 ,Ι

150 2914 180 2972 4.
227 2909 279 2971 Cn.
302 2911 403 2988 Scipio
423 2916 492 2986 post
512 2924 561 2966 res
583 2920 730 2983 prospere
751 2903 780 2960 in
801 2898 939 2975 Hispania
962 2904 1063 2973 gestas
1082 2898 1111 2955 io

65 3015 176 3060 summa
205 3003 379 3074 paupertate
407 2991 538 3052 decessit
564 3006 620 3048 nec
649 3004 685 3047 ea
711 2983 827 3064 quidem
849 2980 951 3041 relicta
974 2981 1110 3058 pecunia,

66 3100 142 3162 qnae
170 3080 322 3140 sufficeret
343 3078 372 3136 in
397 3076 494 3136 dotem
517 3074 655 3146 filiamm,
684 3086 757 3148 quas
782 3067 820 3127 ob
844 3067 970 3146 inopiam
993 3063 1124 3167 publice¹
1183 3144 1187 3149 Ι

68 3166 180 3228 dotavit
203 3172 330 3224 senatus.
400 3217 406 3228 ,

152 3250 182 3309 5.
226 3246 305 3308 Idem
326 3242 533 3325 praestiterunt
554 3238 750 3300 Athenienses
775 3234 840 3295 filiis
865 3232 1017 3306 Aristidis,
1043 3236 1111 3309 post
