2438 3848
86 172 104 234 8
421 185 503 234 sex..
518 186 606 234 1on11
627 185 797 234 nuonumr

85 341 161 401 tueri
182 340 378 401 tantummodo
405 340 516 402 ltaliam
544 341 708 417 constituit,
739 320 981 419 Cunctatorisque
1011 358 1129 418 nomen,
1159 408 1162 414 .

85 435 116 486 et
139 443 194 504 per
214 425 273 485 hoo
292 426 394 485 summi
415 426 497 485 ducis
515 427 628 484 meruit.

171 510 202 569 4.
224 509 354 584 Byzantii
374 509 514 569 adversus
542 509 705 587 Philippum
727 525 812 569 omne
833 508 997 586 proeliandi
1027 511 1129 569 discri·

84 612 151 654 men
175 594 335 668 evitantes,
364 594 469 652 omissa
499 594 585 653 etiam
606 593 704 652 linium
728 594 834 668 tutela,
857 595 931 652 intra
954 595 1130 653 munitiones

84 677 185 756 oppidi
207 695 241 736 se
262 684 453 754 receperunt,
475 676 666 755 adsecutique
685 685 766 753 suut,
782 686 813 737 ut
833 676 983 756 Philippus
998 678 1128 738 obsidio·

84 762 158 822 nalis
181 779 280 820 morae
301 762 453 838 impatiens
479 760 646 820 recederet.
1022 824 1026 831 ,

171 845 200 904 5.
217 844 396 920 Hasdrubal,
421 843 556 921 Gisgonis
569 871 572 875 v
586 844 679 921 filius,
712 844 842 904 secundo
864 843 974 905 Punico
995 845 1078 907 bello
1101 847 1128 904 in

84 928 222 1007 Hispania
243 930 349 987 victum
371 929 547 1004 exercitum,
567 946 631 987 cum
646 928 675 990 P.
688 929 790 1006 Scipio
804 930 941 1004 instaret,
964 948 1018 1007 per
1038 930 1128 989 urbes

85 1012 193 1073 divisit.
236 1011 278 1072 lta
301 1012 408 1071 iactum
431 1021 493 1087 est,
515 1019 546 1070 ut
564 1013 681 1090 Scipio,
705 1031 742 1071 ue
763 1011 981 1091 obpugnatione
1003 1014 1128 1092 plurium

85 1097 260 1176 oppidorum
280 1097 518 1173 distringeretur,
541 1097 569 1154 iu
590 1095 713 1156 hiberna
735 1113 805 1155 suos
827 1097 994 1183 reduceret.

170 1180 199 1241 6.
224 1179 438 1239 Themistocles
460 1180 633 1239 adventante
654 1180 772 1254 Xerxe,
804 1181 870 1258 quia
893 1199 990 1258 neque
1012 1180 1128 1258 proelio

84 1265 216 1344 pedestri
235 1282 332 1343 neque
354 1265 450 1323 linium
476 1264 586 1324 tutelae
614 1282 711 1342 neque
740 1264 884 1324 obsidioni
906 1265 1046 1324 credebat
1068 1265 1128 1325 sul·

85 1350 175 1408 lisere
199 1347 413 1423 Athenienses,
443 1355 546 1406 auctor
581 1348 633 1407 luit
663 1349 723 1423 eis,
748 1347 859 1407 liberos
883 1358 912 1408 et
936 1350 1076 1426 coniuges
1100 1350 1128 1407 in

86 1432 238 1493 Troezena
262 1440 291 1490 et
312 1433 341 1488 in
363 1431 434 1490 alias
457 1430 545 1488 urbes
560 1431 729 1491 amandandi
752 1433 915 1510 relictoque
937 1433 1046 1512 oppido
1070 1442 1127 1492 sta·

85 1526 144 1576 tum
166 1516 237 1576 belli
260 1515 296 1574 ad
314 1514 420 1573 navale
443 1514 587 1591 proelium
608 1516 812 1575 transferendi.

172 1604 201 1661 7.
224 1597 305 1658 ldem
324 1597 396 1657 lecit
417 1598 447 1656 in
469 1598 571 1658 eadem
602 1600 719 1660 civitate
743 1598 875 1660 Pericles
898 1600 1052 1661 adversum
1075 1600 1126 1660 La·

85 1683 301 1744 cedaemonios.

171 1766 200 1826 8.
221 1767 341 1844 Scipio,
372 1775 505 1825 manente
532 1766 560 1824 in
588 1765 670 1827 ltalia
695 1767 872 1843 Hannibale,
903 1769 1072 1828 transmisso
1100 1769 1128 1828 iu

85 1850 216 1909 Africam
237 1852 369 1909 exercitu
388 1851 594 1910 necessitatem
618 1850 905 1929 Carthaginiensibus
925 1853 1061 1931 imposuit
1081 1871 1127 1912 re·

86 1934 211 1994 vocandi
231 1933 430 1994 Hannibalem.
475 1936 525 1994 Sic
548 1936 755 1996 udomestiois
769 1936 919 1996 funeribus
941 1937 1079 1996 hostilem
1099 1937 1127 1995 in

86 2028 193 2078 terram
215 2019 358 2078 transtulit
380 2019 499 2079 bellum.

171 2103 200 2163 ll.
225 2103 441 2178 Athenienses,
464 2120 528 2162 cum
543 2101 696 2162 Deceliam
717 2103 867 2164 castellum
887 2105 1016 2183 ipsorum
1037 2103 1127 2165 Lace·

86 2187 229 2248 daemonii
252 2189 495 2262 communissent,
520 2195 550 2246 et
570 2187 751 2265 frequentius
774 2196 966 2263 vexarentur,
990 2188 1126 2262 classem,

86 2290 143 2348 qua
167 2270 402 2350 Peloponnesum
424 2270 615 2347 infestarent,
638 2272 794 2340 miserunt;
818 2273 1028 2350 consecutique
1051 2281 1126 2345 sunt,

84 2365 116 2414 ut
130 2357 277 2414 exercitus
289 2354 603 2429 Lacedaemoniorum,
617 2356 665 2432 qui
681 2365 743 2415 erat
758 2356 915 2432 Deceliae,
928 2365 1128 2416 revocaretur.

172 2438 221 2499 10.
244 2437 406 2516 Imperator
434 2435 545 2496 Caesar
566 2438 746 2500 Domitianus
772 2440 938 2518 Augustus,
967 2457 1032 2499 cum
1058 2439 1127 2499 Ger·

85 2523 160 2583 mani
186 2539 269 2581 more
295 2538 348 2580 suo
378 2540 395 2580 e
424 2520 545 2581 saltibus
570 2531 601 2582 et
631 2522 766 2583 obscuris
789 2524 909 2585 latebris
932 2523 1055 2584 subinde
1078 2525 1127 2583 im·

85 2615 249 2682 pugnarent
271 2614 389 2664 nostros
410 2615 560 2684 tutumque
579 2625 747 2684 regressum
776 2609 804 2668 in
824 2608 969 2686 profunda
991 2607 1128 2667 silvarum

84 2688 246 2765 haberent,
275 2688 411 2748 limitibus
440 2707 495 2768 per
521 2701 636 2750 centum
662 2693 765 2768 viginti
794 2693 872 2752 milia
896 2710 1033 2770 passuum
1056 2693 1128 2752 actis

85 2790 144 2831 non
163 2773 281 2831 mutavit
302 2776 409 2832 tantum
426 2782 530 2833 statum
551 2774 639 2852 belli,
662 2776 716 2836 sed
734 2786 764 2836 et
785 2776 912 2836 subiecit
934 2776 1035 2836 ditioni
1057 2793 1128 2836 suae

85 2856 203 2934 hostes,
227 2874 348 2934 quorum
365 2857 480 2936 refugia
502 2859 672 2919 nudaverat.

494 3025 643 3088 cnPttu
671 3026 720 3087 1v.

170 3155 218 3200 DE
240 3155 521 3205 TRANSDUOENDO
543 3156 720 3204 EXEROITU
734 3157 801 3204 PER
819 3128 916 3205 'Loca
937 3156 1044 3205 HOSTI

527 3240 679 3289 tnsmssn.

174 3363 350 3424 l.Aemilius
362 3363 457 3442 Papus
471 3361 574 3422 consul
586 3380 650 3421 cum
662 3362 690 3420 in
700 3360 823 3421 Lucanis
832 3361 911 3421 iuxta
926 3361 994 3421 litus
1004 3371 1129 3440 angusto

84 3448 188 3509 itinere
212 3450 373 3510 exereitum
392 3448 529 3525 duceret,
550 3454 580 3505 et
602 3444 748 3508 Tarentini
768 3447 796 3506 ei
816 3445 913 3507 classe
936 3446 1064 3509 insidiati
1079 3465 1129 3525 ag·
