2438 3848
127 189 216 239 XVIII
453 190 652 244 PRAEFATIO
671 189 848 240 EDITORIS.

130 349 171 406 Cl.
188 350 224 405 de
243 347 363 420 aquaed.
378 352 421 408 19.
436 354 495 408 102.
530 348 602 406 Oud.
624 348 827 422 hinm'tumque:
845 367 897 421 pro
914 367 968 422 quo
984 353 1086 410 melius
1101 364 1180 413 esset

128 449 191 490 cum
205 433 319 490 binatim
338 425 352 513 Η
373 437 418 491 35.
431 434 478 501 iis)
493 449 547 505 ego
572 435 689 488 inserui.
713 424 727 514 ll
748 438 791 493 37.
813 436 895 490 adse
911 437 944 494 el.
962 441 1081 508 secreto)
1113 440 1179 495 Non

128 517 281 575 delendum
295 523 400 574 secreto
415 516 509 581 (uniar
523 518 584 572 vier
597 519 714 588 Augen)
733 534 796 573 curn
815 519 911 589 Lipslo
924 528 975 590 est,
992 521 1044 575 sed
1060 525 1179 578 coniun-

127 603 251 674 gendum
267 618 330 658 cum
339 602 463 672 pecunie
486 603 627 657 instruct.
668 603 792 658 Petrens.
817 603 930 659 exhibet
950 608 1127 677 arcessitum,
1149 608 1178 662 in

128 704 184 758 quo
197 689 262 758 plus
279 687 365 752 inest,
392 700 474 756 quam
497 687 611 757 glossae
628 688 756 756 species;
786 687 870 742 immo
891 693 918 741 et
941 688 1058 744 adiuvat
1083 707 1177 746 meam

128 770 353 826 emendationem
379 774 406 822 et
431 770 508 824 lavet
531 786 611 824 meae
635 771 843 825 commutationi
872 771 953 826 vocis
972 780 1085 830 secreto.
1102 765 1176 852 [139.

126 858 213 924 metu)
226 855 314 908 Palat.
338 854 450 909 minate.
477 843 490 931 ΙΙ
514 858 559 910 42.
580 854 689 924 milites)
707 853 764 910 Res
787 861 815 910 et
830 856 901 910 ratio
923 864 1094 928 coarguunt,
1118 858 1175 913 duo

125 939 255 1010 exempla
269 938 297 992 in
313 954 398 992 unum
413 938 554 992 coaluisse
568 939 747 994 conniventia
760 938 874 1007 librarii,
887 940 967 995 cuius
979 943 1053 996 oculi
1072 957 1089 996 a
1103 958 1176 998 vooe

124 1023 220 1078 milites
232 1021 269 1076 ad
280 1021 400 1076 eandem
414 1038 515 1078 vocem
528 1023 641 1077 alterius
652 1023 774 1092 exempli
788 1024 997 1080 aberraverunt
1015 1016 1028 1101 Η
1041 1030 1086 1083 45.
1097 1028 1175 1096 cum)

124 1107 165 1161 lta
183 1107 285 1179 scripsi
300 1108 364 1178 (pro
375 1107 453 1179 puch)
468 1112 583 1178 propior
597 1123 656 1177 seq.
672 1113 860 1178 agnoscerent.

209 1269 242 1330 In
262 1269 355 1346 libro,
380 1287 465 1348 quem
487 1267 642 1329 Frontinus
664 1268 701 1328 de
729 1287 821 1348 aquae
852 1268 985 1329 ductibus
1007 1269 1088 1330 urbis
1114 1271 1173 1331 Ro·

124 1373 189 1415 mae
217 1354 352 1433 reliquit,
382 1354 538 1430 diligenter
565 1352 735 1413 examinatis
766 1352 926 1413 rationibus
960 1354 1030 1414 nibil
1063 1365 1172 1415 mutan·

127 1439 193 1500 dum
216 1457 284 1500 esse
321 1437 437 1512 censui,
472 1439 606 1514 exceptis
641 1438 692 1511 iis,
724 1454 799 1514 quae
828 1437 999 1515 typothetae
1034 1439 1119 1516 culpa
1144 1441 1173 1498 in

124 1525 223 1602 priore
245 1538 311 1581 mea
330 1519 466 1580 Editione
489 1529 604 1580 exstant
627 1529 722 1580 errata
744 1521 896 1598 permulta.
940 1522 1000 1582 Sed
1018 1532 1121 1598 restat,
1142 1531 1174 1582 ut

124 1607 161 1667 de
185 1602 412 1682 orthographia,
435 1622 519 1682 quam
547 1613 668 1678 vocant,
699 1622 793 1682 pauca
817 1606 963 1682 attingam.
1007 1604 1101 1678 Quum
1123 1625 1171 1667 an·

124 1700 174 1751 tea
197 1692 225 1749 in
246 1703 312 1748 meo
342 1685 408 1746 libri
437 1688 473 1746 de
502 1705 595 1765 aquae
624 1687 757 1749 ductibus
783 1690 920 1767 exemplo
941 1689 1077 1767 vulgatae
1099 1691 1171 1750 scri-

123 1774 214 1835 bendi
234 1772 338 1832 rationi
356 1769 487 1831 addictus
509 1772 627 1848 luerim,
650 1790 726 1832 nunc
747 1771 840 1833 libros
862 1791 945 1832 manu
967 1775 1095 1856 scriptos
1118 1776 1170 1834 ite·

123 1877 186 1917 rum
214 1865 376 1931 scrutatus,
405 1865 572 1915 constanter
599 1857 704 1934 scripsi
727 1876 797 1919 cum
818 1859 888 1936 (pro
914 1856 1039 1937 quum),
1061 1874 1171 1936 causa,

123 1943 225 2018 milia,
257 1948 402 2018 quattuor
430 1940 634 2019 (quadum),
655 1942 808 2018 traicere,
835 1941 993 2016 subicere,
1018 1944 1170 2020 quotiens,

122 2026 195 2102 alia,
218 2035 336 2085 secutus
364 2024 593 2102 antiquissimum
621 2034 651 2084 et
675 2026 952 2103 praestantissimum
982 2024 1048 2084 cod.
1072 2023 1170 2086 Cassi·

122 2128 259 2185 nensem‚
289 2110 336 2169 cui
363 2108 535 2187 plerumque
560 2108 760 2170 adsentiuntur
786 2107 910 2169 Urbinas
937 2117 967 2167 et
993 2108 1170 2178 Vaticanus;

29 2206 34 2212 ·
122 2195 277 2272 eidemque
305 2193 410 2252 rationi
435 2194 463 2251 in
488 2195 752 2270 strategematicon
783 2192 866 2252 libris
893 2209 946 2252 nos
974 2192 1170 2269 adiunximus,

122 2279 190 2356 quia
218 2279 304 2337 etiam
331 2279 361 2335 in
387 2292 487 2336 corum
515 2277 668 2336 codicibus
694 2294 753 2336 non
775 2276 861 2336 aliter
885 2294 918 2336 se
940 2275 1073 2354 pluribus
1093 2277 1169 2338 locis

122 2370 271 2420 exaratum
298 2359 528 2437 deprehendisse
552 2369 675 2421 testatur
704 2358 938 2440 Oudendorpius.
981 2359 1038 2419 Ubi
1062 2362 1170 2440 scripsi

120 2447 284 2519 adnotare,
306 2444 482 2520 adplicata,
496 2444 660 2521 obponere,
677 2446 853 2521 conlocare,
873 2445 1019 2520 inlicitos,
1040 2446 1169 2524 inrepat

49 2539 51 2543 ’
119 2538 179 2605 tes,
203 2531 232 2589 in
253 2529 298 2588 his
320 2544 438 2606 quoque
462 2526 585 2606 aliisque
605 2526 744 2588 similibus
769 2528 988 2606 diligentissime
1011 2546 1094 2589 meos
1118 2545 1168 2588 co·

119 2613 201 2674 dices
223 2622 341 2672 secutus
369 2629 447 2686 sum,
478 2611 659 2689 eandemque
686 2614 828 2673 rationem
853 2613 939 2673 etiam
965 2613 994 2671 in
1016 2613 1169 2690 stratege-

118 2700 244 2757 maticon
274 2695 373 2770 libris,
409 2693 616 2774 Oudendorpio
652 2706 789 2772 auctore,
828 2696 999 2774 plerumque
1037 2697 1168 2756 retinere

118 2799 176 2841 non
198 2780 340 2842 dubitavi:
367 2781 394 2838 in
417 2778 614 2858 iisdemque,
645 2780 748 2857 quibus
776 2781 891 2839 nimium
918 2779 1073 2858 indulgere
1098 2779 1168 2840 mibi

117 2864 270 2926 videbatur
306 2862 547 2943 Oudendorpius‚
580 2867 715 2943 quoniam
749 2865 812 2924 eius
839 2864 960 2924 codices
994 2865 1168 2942 inspiciendi

118 2952 204 3028 copia
230 2947 299 3008 mihi
328 2965 387 3007 non
420 2947 490 3025 luit,
527 2949 592 3026 ipse
623 2957 652 3008 et
679 2949 778 3009 iudicii
805 2948 967 3026 periculum
990 2948 1167 3028 culpamque

118 3042 259 3112 praestet.

197 3187 399 3263 Embricae,
414 3207 512 3248 mense
527 3191 617 3263 Aprili
632 3207 657 3246 a.
671 3197 846 3248 MDcchV.

882 3351 914 3418 A.
934 3352 1081 3418 dederich.
