2438 3848
218 171 558 221 sauursouuamoon
577 173 648 245 urs.
672 173 724 221 111.
748 171 824 222 car.
847 175 946 222 1x.x.
1061 161 1101 223 69

57 328 123 388 dam
148 327 293 386 civitatem
310 344 415 403 magno
435 344 580 387 consensu
598 327 933 402 defendentium’tutam,
957 339 1044 390 noctu
1065 328 1101 389 ab

57 430 93 471 ea
116 420 202 491 parte
220 416 383 486 murorum‘,
406 428 481 488 quae
497 412 569 471 mari
589 410 758 486 adiaceb'at,
783 412 938 472 classicum
961 415 1024 472 cani
1043 413 1101 473 cla·

56 512 228 573 moremque
251 495 315 556 tolli
336 495 429 554 iussit.
475 495 581 555 Hostes
600 506 781 574 penetratum
803 497 871 556 illac
890 497 1028 574 oppidum
1049 498 1103 555 rati

56 580 240 658 reliquerunt
272 587 391 657 portas,
425 597 479 656 per
507 597 580 657 quas
605 579 737 640 Pericles
770 581 923 640 destitutas
953 580 1101 657 praesidio

56 666 116 724 irru
141 665 172 722 it.

120 683 175 809 pb.
221 743 392 805 Alcibiades
412 745 469 805 dux
491 743 711 806 Atheniensium
734 746 888 825 Cyzicum,
915 746 1102 825 obpugnandi

57 833 121 891 eius
151 848 259 905 causa,
282 831 425 906 accessit,
455 829 508 889 sed
537 848 575 890 ex
596 832 711 892 diversa
736 842 818 910 parte
841 833 984 890 moenium
1006 832 1101 890 corni·

57 917 140 976 ciues
172 931 279 974 canere
309 914 402 973 iussit.
448 912 504 987 Qui
534 913 672 975 sulficere
700 917 925 995 propugnationi
955 931 1101 974 murorum

57 1007 216 1080 poteraut,
239 997 274 1057 ad
297 997 325 1056 id
347 997 441 1074 latus,
463 1015 480 1058 a
504 1014 561 1075 quo
585 999 650 1058 solo
673 1018 706 1059 se
730 1001 834 1059 tentari
856 999 1011 1077 putabant,
1036 1016 1102 1059 cum

58 1083 255 1155 confluerent,
284 1081 352 1157 ille,
385 1099 441 1160 qua
468 1099 526 1140 non
549 1081 761 1158 obsistebatur,
790 1099 887 1141 murus
911 1081 1100 1141 transcendit.

145 1169 174 1227 7.
219 1164 416 1240 Thrasybulus
443 1166 501 1225 dux
524 1164 720 1241 Milesiorum,
753 1176 783 1225 ut
810 1175 923 1243 portum
947 1167 1100 1240 Sicyonio·

58 1268 122 1309 rum
152 1258 328 1328 occuparet,
353 1266 370 1309 a
395 1258 473 1310 terra
500 1249 623 1309 subinde
646 1250 810 1328 oppidanos
831 1249 967 1315 tentavit;
997 1258 1025 1307 et
1048 1247 1099 1307 illo

58 1351 118 1413 quo
137 1333 360 1395 lacessebautur
383 1334 534 1393 conuersis
558 1333 707 1411 hostibus,
732 1334 828 1394 classe
847 1334 876 1392 vi
898 1334 1101 1411 inexspectata

57 1420 174 1497 portum
197 1419 284 1495 cepit

144 1501 173 1566 8.
212 1501 390 1579 Phiiippus
383 1519 411 1558 ru
432 1499 585 1561 obsidione
606 1464 753 1563 cuiusdam
774 1501 931 1561 maritimae
955 1501 1034 1561 urbis
1057 1500 1100 1560 bi·

57 1604 110 1646 nas
139 1604 230 1645 naves
256 1585 359 1663 procul
389 1601 405 1645 a
433 1595 594 1664 conspectu
621 1586 819 1647 contabulavit
846 1587 1101 1664 superstruxitque

58 1673 101 1730 eis
125 1679 235 1729 tumes:
259 1670 321 1728 aliis
345 1668 449 1729 deinde
471 1670 596 1748 turribus
614 1670 733 1730 adortus
753 1689 769 1730 a
787 1679 881 1745 terra,
905 1671 971 1731 dum
991 1671 1100 1729 eminus

57 1763 294 1833 propugnatores
319 1752 478 1830 distringit,
507 1756 623 1814 turritas
652 1772 741 1814 naves
768 1754 877 1814 amari
900 1755 1038 1833 adplicuit
1060 1763 1112 1835 et,

58 1857 116 1916 qua
138 1855 196 1897 non
218 1834 425 1912 resistebatur,
448 1836 534 1896 sublit
553 1854 661 1901 muros

145 1922 175 1983 9.
216 1920 347 1981 Pericles
378 1918 659 1999 Peloponnesiorum
684 1919 838 1979 castellum
869 1918 1099 1997 obpugnaturus,

57 2009 86 2066 in
111 2006 189 2084 quod
210 2005 265 2065 duo
289 2005 403 2062 omnino
429 2012 689 2077 erantmccessus3
713 2002 837 2085 alterum
859 2002 941 2062 fossa
963 2003 1099 2061 interclu-

57 2092 112 2166 sit,
136 2089 258 2150 alterum
280 2089 391 2147 munire
409 2087 537 2146 instituit.
584 2082 744 2147 Caslellani
765 2087 933 2146 securiores
952 2086 988 2145 ab
1009 2085 1103 2145 altera

57 2184 142 2254 purte
161 2173 231 2233 lacti
252 2190 315 2232 eam
335 2170 446 2246 solam,
470 2187 553 2248 quam
569 2172 671 2230 muniri
686 2169 839 2246 videbant,
861 2169 1008 2230 custodire
1032 2185 1100 2229 coe-

56 2267 174 2338 perunt.
215 2256 347 2316 Pericles
369 2257 552 2333 praeparatis
574 2255 710 2333 pontibus
732 2215 907 2335 iniectihque
929 2271 1018 2333 super
1040 2253 1100 2314 los·

57 2361 137 2418 sam,
161 2359 217 2418 qua
239 2357 297 2399 non
320 2339 493 2414 cavebatur,
516 2339 602 2399 subiit
625 2339 788 2400 castellum.
853 2376 858 2383 ·

147 2426 196 2485 10.
235 2423 397 2483 Antiochus
410 2423 553 2485 adversus
562 2422 709 2502 Ephesios
722 2423 854 2500 Rhodiis,
867 2424 981 2503 quasin
994 2423 1102 2484 auxilio

58 2509 203 2584 hahebat,
225 2509 395 2587 praecepit,
419 2516 448 2568 ut
471 2518 558 2569 nocte
580 2519 693 2586 portum
710 2527 774 2568 cum
794 2526 898 2585 magno
916 2509 1039 2586 strepitu
1061 2509 1102 2566 in·

59 2594 220 2654 vaderent:
244 2592 280 2652 ad
300 2610 384 2670 quam
402 2600 514 2669 partem
533 2594 609 2652 omni
627 2593 806 2654 multitudine
826 2610 890 2653 cum
911 2592 1030 2652 tumultu
1052 2592 1102 2653 de·

58 2686 217 2753 currente,
252 2677 366 2737 nudatis
398 2675 556 2737 defensore
589 2672 711 2757 reliquis¹
742 2678 963 2754 munitionibus,
990 2679 1056 2756 ipse
1086 2695 1102 2736 a

54 2761 356 2838 diverso'adgresaus
376 2761 521 2851 cipitatem
544 2764 632 2843 cepit.

475 2995 625 3067 CAPUT
652 2995 690 3055 Χι
750 3061 756 3073 ,

165 3127 212 3175 nu
232 3127 390 3194 manans,
412 3088 487 3183 rsa
500 3126 590 3187 onas
612 3112 826 3173 uhuoranuua
851 3124 995 3174 noscas.

146 3269 173 3326 1.
220 3263 292 3326 Cato
324 3265 353 3324 in
381 3273 543 3342 conspectu
572 3263 800 3340 Lacetanorum,
829 3281 904 3342 quos
936 3264 1101 3339 obsidebat,

57 3351 180 3429 reliquis
203 3366 320 3410 suorum
342 3348 500 3423 submotis,
513 3348 719 3408 'Suessetanos
741 3349 882 3427 quosdam
905 3367 943 3408 ex
958 3347 1102 3409 auxiliari·

56 3439 113 3499 bus
140 3435 264 3497 maxime
293 3432 428 3495 imbelles
452 3431 573 3509 adgredi
596 3434 711 3492 moenia
732 3433 832 3494 iussit:
860 3433 918 3492 hos
940 3450 1011 3490 cum
1026 3431 1116 3486 (aaa
