2438 3848
87 149 147 210 106
388 233 392 240 Ι
416 162 491 210 sax.
512 162 603 212 runrr
625 160 794 211 nnonnrnr

86 319 197 378 minalis
224 317 398 377 coniunctim
426 317 499 377 inira
526 326 633 377 terram
659 328 760 377 euntes
784 318 820 377 ad
840 316 1013 379 viminalem
1035 337 1131 398 usqne

87 413 199 481 portam
219 402 384 475 deveniunt.
429 401 472 462 lbi
488 420 588 460 rursus
607 412 767 479 emergunt.
791 401 872 460 Prius
888 411 983 462 tamen
1000 421 1070 481 pars
1085 404 1130 463 lu·

86 486 160 562 liae,
186 487 221 546 ad
244 489 332 562 Spem
350 486 489 545 Veterem
511 495 652 563 excepta,
680 487 810 546 castellis
835 484 929 545 Caelii
950 490 1055 547 montis
1076 489 1131 547 dil·

85 572 220 631 funditur.
265 570 372 631 lilarcia
396 579 491 630 autem
516 580 629 649 partem
651 572 694 628 sni
723 580 790 650 post
811 571 913 630 hortos
936 571 1130 631 Pallantianos

86 657 114 715 in
145 657 253 730 rivum,
287 657 335 734 qui
362 663 485 713 vocatur
506 654 724 730 Herculaneus,
747 656 850 714 deicit:
874 657 899 712 is
922 673 976 733 per
999 654 1131 724 Caelium

87 741 201 814 ductus,
225 741 315 817 ipsius
338 739 442 796 montis
464 739 564 797 usibus
583 739 667 815 nihil,
691 748 722 798 ut
744 741 876 816 inferior,
898 738 1129 817 subministrans,

87 824 181 883 finitur
203 841 291 901 supra
311 832 421 900 portam
444 820 601 900 Capenam.

173 905 223 966 20.
265 906 340 966 Anio
359 907 459 966 Novus
483 916 512 965 et
529 903 686 967 Claudiae
712 908 833 986 piscinis
855 909 884 966 in
905 907 1027 967 altiores
1043 925 1130 966 arcus

87 992 284 1067 recipiuntur,
309 994 347 1050 ita
367 1000 398 1050 nt
414 991 549 1068 superior
569 993 606 1049 sit
621 991 706 1050 Anio.
752 992 901 1051 Finiuntur
923 1010 1008 1052 arcus
1031 1010 1131 1051 earum

88 1085 155 1154 post
177 1075 280 1134 hortos
298 1075 508 1150 PallantianoS,
533 1085 562 1134 et
584 1076 651 1135 inde
674 1077 702 1135 in
723 1095 807 1135 usum
828 1076 908 1135 urbis
932 1076 1034 1135 fistulis
1049 1075 1129 1135 didu-

89 1169 200 1219 cuntur.
246 1160 357 1219 Partem
372 1170 466 1220 tamen
482 1162 524 1218 sui
541 1157 661 1220 Claudia
678 1162 757 1238 prius
771 1162 798 1218 in
809 1179 910 1236 arcus,
928 1162 975 1238 qui
988 1168 1132 1219 vocantur

87 1243 260 1319 Neroniani,
285 1247 319 1304 ad
343 1246 432 1323 Spem
454 1244 591 1304 Veterem
613 1245 761 1303 transfert.
805 1245 840 1303 Hi
868 1245 971 1304 directi
986 1262 1039 1322 per
1056 1242 1130 1303 Cae·

89 1329 156 1387 liam
170 1340 296 1389 montem
313 1330 389 1388 iuxta
411 1329 550 1407 templum
565 1328 632 1387 Divi
648 1327 760 1387 Claudii
775 1331 970 1388 terminantur.
1001 1327 1130 1403 lllodum,

90 1430 173 1490 quem
196 1423 385 1490 acceperunt,
409 1423 456 1471 ant
473 1415 550 1472 circa
567 1415 660 1496 ipsum
671 1422 797 1472 montem
812 1412 957 1489 Caelium,
972 1421 1020 1471 aut
1035 1414 1064 1470 in
1078 1411 1131 1472 Pa-

16 1511 19 1517 '
88 1496 185 1555 latium
216 1498 448 1573 Aventinumqne
475 1507 504 1555 et
533 1498 685 1572 regionem
714 1496 959 1557 Transtiberinam
979 1497 1131 1558 dimittunt.

175 1580 225 1639 21.
270 1579 345 1638 Anio
367 1580 460 1639 Vetus
488 1582 566 1639 circa
593 1593 631 1638 IV
652 1582 802 1640 miliarium
822 1582 895 1641 inira
918 1580 1011 1659 Novi,
1035 1597 1092 1658 qua
1116 1599 1132 1639 a

89 1664 136 1722 via
158 1661 257 1723 Latina
281 1665 309 1722 in
331 1662 502 1722 Lauicanam
527 1665 599 1737 itur,
630 1682 716 1725 arcus
744 1667 855 1741 traicit,
880 1675 910 1725 et
931 1665 970 1724 ibi
990 1665 1132 1743 piscinam

89 1746 187 1806 babet.
232 1747 302 1806 lnde
322 1749 405 1807 intra
434 1760 459 1805 ΙΙ
487 1747 636 1806 miliarium
663 1759 774 1827 partem
797 1750 895 1809 datin
922 1767 1059 1826 specum,
1083 1750 1133 1827 qui

91 1840 213 1890 vocatur
235 1831 428 1907 OctaviannS,
451 1841 481 1890 et
504 1834 640 1910 pervenit
661 1835 689 1891 in
710 1837 861 1910 regionem
884 1835 949 1893 viae
969 1831 1072 1891 Novae
1096 1833 1132 1892 ad

89 1915 191 1975 hortos
207 1916 378 1994 Asinianos,
393 1917 468 1975 unde
489 1935 543 1994 per
557 1916 635 1974 illum
650 1926 771 1976 tractum
787 1918 975 1977 distribuitur.
1021 1916 1132 1976 Rectus

89 2019 162 2058 vero
187 2002 307 2077 ductos,
333 2001 490 2060 secundum
514 2002 601 2079 Spem
626 2001 762 2060 Veterem
784 2005 905 2061 veniens
923 2003 996 2060 intra
1018 2009 1133 2079 portam

90 2083 291 2165 Exquilinam,
315 2087 343 2144 in
365 2086 440 2144 altos
461 2087 540 2144 rivos
563 2104 617 2162 per
634 2084 735 2143 urbem
754 2085 905 2145 diducitur.

176 2170 226 2228 22.
271 2169 335 2229 Nec
352 2170 444 2246 Virgo
467 2189 523 2229 nec
546 2170 642 2248 Appia
664 2188 720 2228 nec
743 2170 884 2230 Alsietina
907 2168 1132 2247 conceptacula,

90 2255 119 2314 id
141 2263 187 2313 est
209 2255 354 2330 piscinas,
380 2253 496 2312 habent.
541 2253 636 2312 Arcus
658 2253 787 2329 Virginis
814 2255 922 2314 initium
950 2252 1058 2312 habent
1079 2251 1132 2311 sub

9 2362 28 2411 ·‚.
90 2337 181 2396 hortis
200 2337 370 2409 Lucilianis,
398 2338 531 2395 finiuntur
550 2340 576 2397 io
591 2336 700 2414 Campo
713 2336 816 2397 ldartio
830 2339 989 2398 secundum
1006 2338 1133 2396 frontem

90 2420 257 2497 Septorum.
297 2420 387 2478 Rivus
403 2419 535 2496 Appiae,
549 2421 602 2479 sub
615 2420 716 2480 Caelio
730 2432 826 2482 monte
841 2432 869 2482 et
882 2423 1026 2482 Aventino
1040 2429 1132 2494 actus,

15 2517 19 2523 ·
91 2504 229 2581 emergit,
253 2513 283 2562 ut
303 2504 440 2578 diximus,
462 2504 535 2562 infra
554 2504 657 2564 clivum
677 2505 806 2570 Publicii.
852 2507 1013 2566 Alsietinae
1028 2505 1133 2564 ductus

90 2597 159 2666 post
181 2589 393 2663 naumachiam,
419 2589 499 2646 cuius
520 2607 607 2648 cansa
631 2590 745 2648 videtur
764 2609 832 2650 esse
857 2592 967 2666 factm,
990 2590 1095 2648 finitur.

176 2673 226 2733 23.
272 2673 414 2746 Quoniam
430 2680 565 2732 auctores
587 2675 726 2752 cuiusque
743 2692 836 2752 aquae
854 2684 883 2734 et
903 2683 1026 2750 aetates,
1047 2691 1132 2751 prae·

91 2767 172 2817 terea
195 2760 325 2835 origines
345 2765 374 2816 et
394 2757 589 2832 longitudines
609 2759 735 2816 rivorum
755 2769 785 2817 et
805 2761 935 2819 ordinem
956 2758 1048 2817 librae
1066 2775 1133 2835 per-

91 2852 211 2902 secutus
230 2862 305 2911 snm;
328 2859 386 2900 non
399 2841 521 2900 alienum
535 2842 602 2900 mihi
615 2843 744 2918 videtur,
769 2845 854 2902 etiam
866 2844 979 2920 singula
996 2842 1134 2901 subicere

92 2936 121 2985 et
145 2928 319 3001 ostendere,
337 2932 450 3003 'quanta
465 2927 501 2985 sit
517 2927 619 3003 copia,
645 2944 719 3002 quae
739 2926 864 3003 publicis
880 2928 1059 3006 privatisque
1075 2941 1135 2984 non

92 3009 185 3067 solum
200 3011 300 3068 usibus
321 3019 350 3068 et
370 3009 501 3084 auxiliis,
524 3028 625 3068 verum
640 3012 725 3068 etiam
740 3011 938 3089 voluptatibus
954 3011 1090 3085 suflicit,¹
1104 3019 1135 3070 et

90 3109 146 3169 per
176 3103 246 3168 quot
272 3094 394 3152 castella
417 3093 579 3171 quibusque
607 3094 777 3170 regionibus
802 3096 967 3170 diducatur,
997 3102 1134 3172 quantum

92 3184 175 3233 extra
197 3174 314 3250 urbem,
340 3186 474 3254 qnantum
497 3179 570 3237 intra
591 3177 709 3253 urbem,
734 3187 763 3237 et
787 3198 824 3238 ex
843 3198 879 3238 eo
904 3188 1039 3258 quantum
1063 3179 1133 3238 laci·

91 3259 160 3333 bus,
191 3269 325 3336 quantum
347 3261 527 3336 muneribus,
553 3270 687 3339 quantum
710 3264 849 3341 operibns
877 3264 1019 3343 publicis,
1044 3281 1133 3340 quan·

91 3352 150 3403 turn
171 3344 286 3401 nomine
311 3341 463 3419 Caesaris,
488 3354 621 3422 quantum
645 3348 765 3423 privatis
786 3348 886 3407 usibus
909 3357 1058 3424 erogetur.

175 3427 235 3488 Sed
262 3429 381 3488 rationis
414 3430 567 3505 existimo,
592 3432 757 3508 priusquam
785 3434 900 3494 nomina
930 3434 1134 3510 quinariarum,
