2438 3848
132 181 170 242 1⁴
465 190 539 240 unx.
563 192 651 240 nucu
670 192 840 242 raouurru

130 359 228 430 patum
250 347 374 422 collem,
396 348 444 424 qui
467 356 530 408 erat
550 348 579 406 in
601 350 782 426 propinquo,
810 347 953 407 modicam
974 365 1089 409 manum
1109 352 1172 410 md·

131 443 221 509 teret,
245 450 337 510 seque
358 431 462 492 ducem
484 432 520 491 iis
542 433 591 510 qui
611 431 797 492 mittebantur
818 431 931 492 obtulit.
976 431 1129 494 Arocatus
1145 437 1174 493 in

130 521 276 580 diversum
296 517 388 576 hostis
406 516 511 575 dimisit
532 516 698 591 consulem,
714 516 838 575 Decium
857 525 954 576 autem
977 518 1067 577 cinxit
1086 518 1173 594 obse·

132 605 241 680 diique.
285 600 354 660 lllas
367 617 484 677 quoque
495 602 643 676 angustias
654 609 743 660 noctu
756 602 908 678 eruptione
924 600 1003 661 iacta
1014 619 1080 661 cum
1091 603 1172 662 eluc-

131 697 208 747 tatus
229 693 310 744 esset
327 683 455 758 Decius,
476 684 628 743 incolumis
651 703 715 743 cum
736 684 873 744 militibus
898 685 1012 745 consuli
1033 688 1172 746 accessit.

219 769 267 827 15.
290 767 371 827 ldem
386 767 457 826 lecit
472 767 525 826 sub
540 767 630 827 Atilio
643 765 774 828 Calatino
790 767 913 828 consule
927 771 969 843 is,
986 770 1069 829 cuius
1091 771 1172 830 varia

130 853 252 921 traditur
266 868 386 910 nomen:
409 851 457 910 alii
473 849 641 927 Laberium,
661 852 789 911 nonnulli
806 852 842 925 Q.
856 850 1033 928 Caeditium,
1052 852 1173 930 plurimi

132 935 317 1015 Calpurnium
332 934 489 995 Flammam
504 936 661 994 vocitatum
676 938 867 1014 scripserunt.
909 935 964 996 llic
982 954 1047 996 cum
1068 935 1173 997 demis·

133 1039 195 1080 sum
217 1022 245 1078 in
267 1037 331 1079 earu
349 1019 456 1079 vallem
473 1019 587 1078 videret
606 1022 781 1095 exercitum,
803 1022 884 1079 cuius
904 1021 997 1080 latera
1015 1022 1110 1080 omnia
1126 1039 1172 1081 su-

131 1106 250 1183 periora
272 1104 365 1164 hostis
388 1104 550 1178 insederat,
572 1103 748 1182 depoposcit
769 1113 799 1162 et
815 1107 931 1183 accepit
950 1113 1100 1164 trecentos
1122 1106 1172 1162 rni-

133 1191 215 1250 lites:
241 1206 314 1266 quus
338 1188 523 1262 adhortatus,
553 1189 593 1246 uti
621 1189 726 1247 uirtute
749 1205 800 1247 sua
825 1189 985 1247 exercitum
1008 1198 1172 1264 servarent,

133 1276 161 1332 in
183 1274 305 1333 mediam
323 1272 430 1333 vallem
452 1272 629 1331 decucurrit.
674 1270 711 1330 Et
733 1272 768 1330 ad
785 1272 993 1350 obprimendos
1016 1289 1070 1331 cos
1091 1274 1172 1333 undi-

134 1375 190 1434 que
219 1356 371 1416 descendit
399 1357 506 1422 hostis;
530 1355 680 1433 longoque
707 1365 736 1415 et
764 1373 872 1434 aspera
899 1356 1014 1434 proelio
1042 1365 1172 1416 retentus

133 1443 320 1500 occasionem
342 1439 454 1499 consuli
474 1438 510 1498 ad
532 1438 739 1498 extrahendum
761 1442 922 1500 exercitum
945 1439 1033 1504 dedit.
1096 1494 1105 1506 ,

220 1523 269 1584 16.
293 1523 329 1596 Q.
352 1521 494 1581 Minucius
514 1522 615 1581 consul
636 1523 665 1580 in
681 1522 813 1599 Liguria,
830 1524 956 1583 demisso
978 1524 1007 1582 in
1024 1525 1173 1600 angustias

133 1608 265 1668 exercitu
284 1625 347 1665 cum
364 1607 418 1665 iam
430 1605 562 1664 omnibus
577 1605 786 1667 obuersaretur
802 1607 948 1668 Caudinae
968 1607 1060 1668 cladis
1075 1626 1173 1668 exem·

133 1693 228 1771 plum,
249 1689 386 1750 Numidas
402 1690 576 1767 auxiliares,
593 1698 648 1749 tam
665 1701 788 1770 propter
807 1694 935 1770 ipsorum
953 1709 1037 1771 quam
1052 1702 1175 1771 propter

134 1793 274 1855 equorum
296 1773 507 1834 deformitatem
536 1775 760 1852 despiciendos,
785 1777 869 1835 iussit
891 1776 1061 1853 adequitare
1083 1776 1173 1836 lauci-

133 1860 187 1919 bus
210 1876 285 1939 quae
306 1858 488 1918 tenebantur.
532 1859 628 1918 Primo
649 1860 750 1918 intenti
768 1860 887 1936 hostes,
903 1860 929 1919 si
945 1861 1173 1934 lacesserentur,

135 1945 288 2004 stationem
311 1942 493 2003 obiecerunt.
537 1943 614 2002 Dein
636 1945 773 2004 industria
791 1943 931 2004 Numidae
954 1943 990 2004 ad
1010 1945 1174 2020 augendum

134 2030 178 2087 sui
198 2036 394 2106 contemptum
412 2028 470 2088 labi
491 2029 592 2105 equis,
612 2037 642 2086 et
665 2045 719 2106 per
739 2027 892 2088 ludibrium
911 2028 1083 2105 spectaculo
1107 2046 1175 2087 esse

134 2113 364 2174 adfectaverant.
409 2111 456 2172 Ad
478 2113 635 2172 novitatem
656 2113 700 2172 rei
718 2112 822 2172 laxatis
841 2110 989 2171 ordinibus
1010 2111 1128 2172 barbari
1146 2114 1174 2171 in

134 2198 334 2273 spectaculum
356 2215 448 2275 usque
470 2195 593 2255 resoluti
619 2205 694 2260 sunt.
739 2195 824 2268 Quod
840 2196 889 2255 ubi
912 2196 1175 2256 animadverterunt

134 2280 291 2354 Numidae,
314 2280 462 2357 paullatim
483 2280 678 2339 succedentes
700 2280 804 2340 additis
826 2279 991 2339 calcaribus
1010 2298 1066 2358 per
1087 2282 1173 2340 inter·

134 2366 238 2423 missas
258 2364 382 2424 hostium
403 2364 545 2422 stationes
566 2374 740 2441 eruperunt:
764 2382 885 2443 quornm
901 2364 1006 2424 deinde
1026 2382 1091 2423 cum
1106 2381 1173 2443 pro·

134 2451 228 2507 nimos
247 2450 391 2506 irruerent
403 2464 516 2522 agros,
539 2464 665 2510 necesse
689 2448 842 2526 Liguribus
858 2448 911 2508 fuit
928 2449 1048 2508 auocari
1069 2448 1107 2509 ad
1125 2449 1174 2510 de-

135 2532 279 2592 fendenda
299 2548 351 2590 sua
374 2530 562 2607 inclusosque
585 2530 732 2592 Romanos
752 2535 895 2595 emittere.

222 2618 271 2676 17.
294 2614 324 2673 L·
349 2614 444 2689 Sulla,
467 2614 548 2674 bello
571 2616 675 2675 sociali
697 2618 775 2696 apud
794 2614 967 2677 Aeserniam
988 2616 1064 2677 iuter
1085 2635 1174 2694 angu-

137 2701 207 2760 stias
219 2698 436 2778 deprehensus,
450 2699 485 2759 ad
500 2701 660 2759 exercitum
677 2700 818 2776 hostium,
836 2703 882 2760 cui
894 2699 1011 2760 Mutilus
1026 2711 1174 2779 praeerat,

137 2784 286 2860 colloquio
310 2784 402 2862 petito
426 2783 463 2843 de
486 2784 697 2844 conditionibus
718 2786 801 2863 pacis
822 2783 950 2860 agitabat
971 2787 1034 2845 siue
1051 2785 1174 2846 effectu:

110 2895 113 2900 ·
135 2868 249 2928 bostem
269 2877 366 2927 tamen
384 2876 506 2946 propter
522 2868 652 2928 inducias
670 2869 849 2946 negligentia
869 2869 1029 2928 resolutum
1050 2869 1175 2929 animad-

136 2961 271 3028 vertens,
294 2960 382 3011 nocte
404 2952 555 3029 proiectus
578 2952 682 3012 relicto
706 2952 910 3028 buccinatore,
932 2954 982 3031 qui
1000 2954 1117 3030 vigilias
1141 2952 1174 3013 ad

97 3084 99 3088 ,
137 3035 223 3095 lldem
245 3037 451 3096 remanentium
474 3037 617 3096 divideret
639 3045 668 3095 ct
690 3045 790 3114 quarta
810 3036 909 3114 vigilia
929 3038 1084 3097 commissa
1107 3054 1175 3096 con·

75 3158 78 3165 ·
136 3129 327 3196 sequeretur,
346 3121 507 3180 incolumes
529 3137 600 3179 suos
629 3139 694 3180 cum
722 3120 853 3180 omnibus
882 3121 1097 3198 impedimentis
1118 3131 1176 3182 tor·

136 3205 299 3283 mentisque
321 3205 350 3263 iu
373 3214 432 3265 tuta
454 3205 600 3283 perduxit.

224 3287 273 3352 18.
296 3288 393 3365 Idem,
424 3288 565 3348 adversus
592 3286 770 3348 Archelaum
791 3288 974 3366 praelectum
991 3286 1176 3364 Mithridatis,

136 3373 165 3432 in
185 3370 538 3452 Cappadccbiniquitate
556 3371 688 3431 locorum
706 3381 735 3431 et
753 3372 932 3433 multitudine
952 3372 1077 3432 hostium
1094 3392 1176 3452 pres·

137 3474 203 3535 sus,
232 3458 303 3520 lecit
332 3459 414 3537 pacis
440 3457 629 3526 mentionem
666 3455 899 3538 interpositoque
927 3465 1061 3538 ternpore
1091 3459 1178 3519 etiam
