2438 3848
85 162 127 225 74
418 171 496 224 anx.
518 173 607 224 nunu
628 172 800 223 asourrur

85 329 308 408 exciperentur:
332 326 437 408 qulbus
451 346 516 390 cum
535 328 653 390 obiecta
672 345 728 408 per
749 326 874 389 medium
894 345 1008 389 amnem
1027 337 1132 390 catena

82 411 227 475 Hannibal
242 411 422 491 obstitisset,
445 430 538 473 nuces
554 429 708 493 sparsere:
731 429 807 493 quae
822 430 909 491 quum
923 429 1000 492 aqua
1015 412 1131 474 lerente

85 497 122 560 ad
145 497 282 577 oppidum
305 497 487 575 defluerent,
510 514 547 558 eo
571 506 734 560 commeatu
756 498 904 560 sociorum
922 498 1132 558 necessitatem

85 590 331 643 sustentaverunt.

171 665 202 728 3.
237 665 344 726 Hirtius
359 663 569 727 Mutinensibus
585 664 718 727 obsessis
739 665 775 726 ab
791 662 919 724 Antonio
935 663 1046 741 salem,
1071 682 1130 744 quo

86 750 210 812 maxime
230 747 416 826 indigebant,
446 750 529 829 cupis
558 748 705 811 conditum
733 765 921 829 peromnem
944 749 1133 810 Scultennam

86 834 251 896 intromisit.

171 918 202 976 4.
247 915 327 977 Idem
354 934 465 996 peeom
494 917 624 978 secunda
643 934 718 996 aqua
739 917 872 994 demisit,
903 934 979 996 quae
1003 925 1133 996 excepta

88 1009 323 1063 sustentaverunt
339 1002 574 1064 necessariorum
595 1002 732 1082 inopiam.

485 1167 633 1230 CAPUT
662 1167 733 1228 XV.

89 1301 368 1362 Quumanuonuu
387 1300 613 1368 numerarunt,
631 1300 676 1348 uu
700 1299 891 1348 snuunnnn
915 1297 1132 1363 mensuruus,

462 1384 555 1445 euna
579 1384 757 1433 nannuuu.

177 1508 204 1565 1.
246 1505 384 1580 Romani,
411 1523 475 1565 cum
504 1522 521 1564 a
550 1503 641 1566 Gallis
669 1503 846 1587 Capitolium
874 1503 1077 1580 obsideretur,
1106 1505 1135 1564 in

91 1598 223 1652 extrema
251 1591 307 1649 iam
332 1587 409 1648 lame
437 1605 541 1666 panem
566 1590 595 1648 in
617 1591 731 1651 lrostem
750 1591 945 1658 iactaverunt;
968 1589 1135 1649 consecuti·

90 1693 165 1753 que,
195 1681 226 1734 ut
251 1671 398 1734 abundare
428 1673 617 1752 viderentur,
643 1674 842 1752 obsidionem,
871 1673 967 1735 donec
994 1671 1134 1733 Camillus

90 1758 280 1832 subueniret,
303 1757 513 1818 toleraverunt.

176 1841 206 1907 2.
239 1840 436 1902 Athenienses
470 1841 612 1902 adversus
642 1834 891 1904 Lacedaemonios
917 1842 995 1903 idem
1024 1839 1135 1901 iecisse

90 1928 233 1989 dicuntur.

178 2011 208 2074 3.
250 2010 303 2088 Hi,
326 2011 375 2090 qui
396 2009 432 2070 ab
456 2009 617 2072 Hannibale
639 2007 760 2070 Casilini
781 2008 1005 2087 obsidebantur,
1024 2008 1061 2070 ad
1084 2027 1135 2069 ex·

92 2106 213 2158 tremam
232 2095 337 2157 lamem
356 2098 530 2173 pervenisse
551 2095 670 2170 crediti,
691 2111 756 2153 cum
779 2095 864 2155 etiam
886 2092 994 2154 herbas
1016 2094 1135 2154 alimen·

91 2184 129 2243 tis
153 2199 254 2243 eorum
281 2179 441 2256 Hannibal,
472 2188 553 2241 arato
574 2179 643 2239 loco
669 2177 718 2256 qui
747 2187 811 2239 erat
830 2180 907 2239 inter
927 2186 1023 2238 castra
1043 2178 1136 2256 ipsius

93 2275 124 2327 et
143 2266 274 2339 moenia,
300 2264 500 2341 praeriperet,
530 2264 639 2323 semina
665 2264 694 2321 in
715 2271 921 2342 praeparatum
943 2260 1041 2322 locum
1057 2263 1136 2322 iece-

94 2357 176 2426 runt,
200 2347 368 2422 consecuti,
390 2356 421 2407 ut
442 2346 554 2407 habere
575 2347 759 2424 viderentur,
784 2364 842 2427 quo
862 2347 970 2407 victum
992 2353 1136 2407 sustenta·

93 2442 270 2511 tentusque
291 2430 328 2490 ad
344 2439 471 2490 satorum
495 2442 675 2508 proventum.

177 2519 208 2577 4.
251 2513 369 2592 Reliqui
399 2532 437 2573 ex
458 2513 583 2575 Variana
612 2515 696 2576 clade
725 2532 788 2574 cum
818 2513 1038 2588 obsiderentur,
1071 2513 1138 2592 quia

96 2601 183 2662 delici
198 2600 341 2660 frumento
361 2596 553 2676 videbantur,
575 2598 683 2659 horrea
704 2607 764 2659 tota
779 2607 867 2658 noete
883 2596 1139 2658 circumduxerunt

96 2685 246 2763 captivos,
269 2681 375 2743 deinde
393 2682 537 2761 praecisis
558 2684 688 2743 manibus
705 2682 883 2743 dimiserunt.
922 2680 963 2743 'Hi
980 2682 1137 2742 circumse-

94 2767 229 2830 dentibus
258 2767 318 2826 suis
347 2775 571 2844 persuaserunt,
596 2786 633 2828 ne
657 2784 740 2846 spem
761 2775 891 2827 maturae
914 2765 1138 2844 expugnationis

95 2860 275 2932 reponerent
302 2851 331 2909 in
352 2849 428 2910 lame
450 2849 663 2928 Romanorum,
685 2849 789 2930 quibus
811 2851 915 2928 ingens
937 2848 1139 2911 alimentorum

96 2938 183 3016 copia
202 2943 381 3016 superesset.

182 3021 212 3080 b.
257 3019 388 3080 Thraces
410 3019 438 3080 in
460 3019 550 3081 arduo
573 3027 672 3079 monte
695 3017 822 3094 obsessi,
846 3017 875 3077 in
895 3035 982 3096 quem
1003 3015 1139 3078 hostibus

96 3104 256 3166 adscensus
279 3121 337 3164 non
362 3113 443 3178 erat,
473 3105 590 3165 conlato
614 3104 718 3163 viritim
740 3101 849 3180 exiguo
868 3103 980 3178 tritico,
1009 3117 1083 3162 oves
1102 3117 1139 3161 eo

97 3197 241 3267 paverunt
263 3197 292 3249 et
313 3190 343 3247 in
363 3187 488 3248 hostium
503 3188 677 3268 impulerunt
692 3187 853 3266 praesidia:
877 3185 982 3265 quibus
1004 3185 1140 3264 exceptis

98 3282 130 3333 et
151 3273 276 3349 occisis,
305 3289 369 3333 cum
392 3273 527 3334 frumenti
553 3272 678 3349 vestigia
699 3272 728 3330 in
749 3270 912 3331 visceribus
930 3287 1029 3330 earum
1052 3270 1140 3350 adpa-

97 3357 241 3432 ruissent,
267 3358 400 3435 opinatus
423 3357 518 3418 hortis
546 3359 678 3434 magnam
704 3356 762 3414 vim
785 3355 873 3416 tritici
899 3371 1061 3433 superesse
1083 3356 1138 3431 eis,

98 3443 147 3522 qui
169 3441 236 3504 inde
258 3443 344 3504 etiam
366 3459 477 3521 pecora
495 3449 671 3523 pascerent,
693 3441 820 3501 recessit
837 3439 873 3502 ab
892 3438 1056 3502 obsidione.
