2438 3848
249 194 591 246 sumuueuuuuroon
614 198 686 246 ura.
698 200 744 248 ru.
769 199 845 249 car.
859 202 920 250 vu.
1070 192 1112 254 97

66 349 164 427 posita
193 359 310 426 essent,
340 347 478 411 Camillus
507 370 543 415 ea
571 355 681 431 omnia,
710 372 785 433 quae
813 365 987 454 conceptum
1016 357 1113 434 ignem

65 435 213 512 usquein
237 395 344 493 vallhm
367 435 502 513 perferre
526 447 678 517 poterant
706 439 834 499 incendit
861 441 951 499 etsie
973 439 1111 500 adversa·

65 517 127 577 rios
149 519 231 576 exuit
254 520 367 577 castris.
791 548 799 557 ·

150 602 203 660 41.
243 601 273 661 Ρ.
303 600 427 661 Crassus
454 601 534 663 bello
564 606 666 666 sociali
692 562 797 667 eodem
822 606 908 666 modo
928 624 1022 685 prope
1045 624 1110 667 cum

65 686 160 764 copiis
185 684 316 744 omnibus
338 687 520 784 interceptus
542 697 597 747 est.

149 768 200 831 42
240 767 275 842 Q.
298 768 459 829 Metellus'
451 789 479 829 ιιι
494 769 632 851 Hispania
652 780 748 832 castra
760 782 902 851 moturus
924 792 989 835 cum
1011 777 1040 834 in
1059 794 1109 853 ag·

63 854 141 913 mine
162 854 269 912 milites
292 886 334 897 —
353 888 396 900 —

313 983 316 989 .
416 971 459 984 —-
477 970 518 982 —
540 939 648 1000 milites
664 898 846 1000 continerent
862 959 894 1000 se
910 944 984 1003 intra
1001 953 1107 1020 castra,

62 1018 272 1080 Hermocrates
301 1022 436 1081 detentos
464 1038 518 1081 eos
537 1032 658 1101 postero
689 1024 736 1083 die
758 1023 979 1084 habilioribus'
972 1044 1027 1086 ram
1048 1029 1109 1087 suis

63 1104 181 1164 tradidit
198 1104 365 1182 bellumque
386 1105 525 1165 confecit.

148 1188 199 1248 43.
245 1188 404 1263 Miltiades,
437 1207 502 1248 cum
536 1189 683 1265 ingentem
714 1188 868 1249 Persarum
899 1191 1109 1253 multitudinem

63 1272 140 1350 apud
152 1271 321 1333 Marathona
334 1273 476 1348 fudisset,
495 1272 692 1332 Athenienses
708 1273 786 1332 circa
804 1274 1027 1349 gratulationem
1047 1295 1107 1337 mo-

62 1365 161 1415 rantes
181 1357 336 1435 compulit,
360 1367 390 1417 ut
405 1356 577 1416 festinarent
598 1358 633 1416 ad
651 1374 738 1434 opem
753 1357 818 1415 urbi
832 1357 997 1434 ferendam,
1023 1379 1110 1439 quam

63 1439 169 1499 classis
190 1440 342 1500 Persarum
364 1441 499 1520 petebat:
524 1459 647 1521 cumque
667 1442 918 1518 praecucurrisset
940 1444 1107 1522 implesset·

62 1542 120 1602 que
149 1527 263 1584 moenia
293 1528 425 1615 armatis,
452 1526 578 1603 Persae,
609 1527 664 1587 rati
690 1525 837 1602 ingentem
865 1545 933 1587 esse
957 1547 1108 1589 numerum

61 1607 281 1669 Atheniensium
300 1619 328 1668 et
339 1604 407 1670 alio
425 1611 516 1672 milite
532 1571 609 1689 aphd
629 1610 798 1671 Marathona
821 1621 995 1689 pugnatum,
1020 1612 1106 1673 alium

62 1708 115 1770 pro
138 1696 227 1753 muris
248 1695 309 1753 suis
333 1695 458 1775 obponi,
483 1697 668 1756 circumactis
691 1695 840 1774 extemplo
863 1697 984 1786 navibus
1006 1698 1107 1758 Asiam

62 1777 251 1856 repetierunt.
518 1826 522 1834 .

145 1863 197 1922 44.
240 1862 406 1922 Pisistratus
431 1862 635 1937 Atheniensis,
665 1880 728 1921 cum
757 1864 927 1941 excepisset
952 1861 1106 1938 Megareu-

60 1946 134 2005 sium
157 1946 299 2021 classem,
324 1964 379 2023 qua
397 1946 439 2005 illi
457 1947 493 2005 ad
508 1946 629 2006 Eleusin
645 1955 733 2005 noctu
750 1944 966 2022 adplicuerant,
987 1955 1019 2004 ut
1034 1964 1107 2025 ope·

59 2040 138 2091 ratas
156 2028 276 2091 Cereris
291 2047 377 2089 sacro
395 2030 516 2089 feminas
532 2029 753 2089 Atheniensium
768 2037 924 2105 raperent,
942 2045 1105 2107 magnaque

61 2114 138 2174 edita
165 2115 258 2177 caede
286 2129 387 2171 eorum
419 2112 496 2172 ultus
525 2121 605 2172 esset
633 2129 722 2189 suos,
755 2112 858 2171 eadem
886 2128 961 2189 quae
985 2122 1106 2190 ceperat

59 2199 176 2274 navigia
199 2196 370 2255 Atheniensi
391 2195 480 2256 milite
505 2196 679 2275 compleuit,
703 2194 872 2274 quibusdam
894 2196 1032 2254 matronis
1056 2195 1105 2255 ha·

60 2282 121 2344 bitu
142 2282 321 2359 captivarum
345 2281 374 2339 in
401 2286 562 2359 'conspectu
584 2280 704 2340 locatis:
729 2298 784 2359 qua
806 2281 882 2340 facie
902 2281 1021 2358 decepti
1043 2279 1104 2340 lle-

59 2383 220 2444 garenses,
240 2373 383 2443 tamquam
399 2366 458 2424 suis
478 2375 508 2425 et
524 2382 587 2425 cum
604 2383 745 2427 successu
757 2363 994 2443 renavigantibus
1010 2365 1104 2426 effuse

59 2451 139 2511 obvii
161 2451 365 2528 inermesque,
388 2468 489 2509 rursus
511 2450 647 2528 obpressi
668 2459 744 2510 sunt.

143 2535 196 2594 45.
242 2533 344 2595 Gimuu
372 2537 430 2595 dux
457 2535 693 2611 Atheniensium,
722 2536 799 2595 victa
828 2535 926 2594 classe
951 2532 1104 2592 Persarum

59 2619 137 2699 apud
159 2619 282 2680 insulam
306 2618 442 2699 Cypron,
469 2620 575 2680 milites
598 2637 669 2679 suos
697 2620 821 2697 captivis
846 2619 932 2677 armis
961 2617 1052 2676 induit
1075 2626 1105 2677 et

60 2703 172 2764 eisdem
195 2701 385 2762 barbarorum
407 2704 529 2763 navibus
551 2705 588 2764 ad
606 2704 721 2764 hostem
743 2703 891 2777 navigavit
912 2702 942 2757 in
960 2698 1103 2798 Pamphy·

59 2787 125 2849 liam
150 2786 227 2865 apud
249 2786 355 2846 flumen
377 2786 603 2862 Eurymedonta
647 2786 775 2859 Persae,
798 2801 861 2844 curn
885 2791 915 2842 et
937 2784 1052 2860 navigia
1075 2793 1105 2843 et

58 2871 187 2933 habitum
216 2872 439 2949 superstantium
469 2879 683 2948 agnoscerent,
712 2869 784 2929 nihil
817 2876 974 2933 caverunt:
1007 2866 1102 2926 subito

58 2957 157 3036 itaque
175 2955 330 3034 obpressi,
352 2955 457 3016 eodem
476 2957 524 3016 die
542 2967 571 3016 et
589 2954 685 3015 navali
703 2963 732 3013 et
753 2952 882 3032 pedestri
902 2950 1019 3030 proelio
1033 2952 1104 3011 victi

59 3050 153 3104 sunt..

461 3235 703 3245 ——ff—

99 3581 218 3623 PRON'P.
242 3579 357 3622 STRAT.
