2438 3848
409 173 486 224 SEX.
507 172 598 223 IULII
619 175 789 223 FRONTINI

490 327 639 390 CAPUT
668 329 719 390 IV.

184 460 251 506 ran
274 460 367 521 unns
389 460 522 509 sosares
544 460 592 506 no
616 459 766 508 mormn
788 460 1030 509 nnmcnurun.

171 584 198 643 1.
232 582 340 642 Fabius
352 580 511 658 Maximus,
526 586 647 644 vastatis
662 581 873 663 Campanorum
885 584 977 661 agris,
999 600 1037 642 ne
1060 584 1128 661 quid

85 669 127 728 eis
150 667 186 727 ad
208 666 341 726 fiduciam
364 665 524 726 obsidionis
542 676 729 746 superesset,
754 669 879 727 recessit
899 669 1040 728 sementis
1056 678 1128 727 tem·

84 770 174 830 pore,
195 759 225 809 ut
242 750 415 809 frumentum
436 753 514 828 quod
535 753 678 831 reliquum
698 751 844 812 habebant
864 753 892 811 in
910 752 1041 813 sationes
1058 770 1128 812 con·

84 836 210 901 ferrent;
229 852 366 892 reversus
386 833 491 893 deinde
513 846 613 896 renata
635 838 776 914 protrivit.

169 919 198 977 2.
241 916 404 993 Antigonus
429 918 569 980 adversus
597 919 794 987 Athenienses
816 921 894 980 idern
920 919 1008 996 iecit,
1041 928 1071 979 et
1092 919 1128 980 ad

82 1003 187 1064 iamem
209 1002 335 1063 redactis
357 1004 464 1080 potitus
488 1013 543 1063 est.

170 1087 198 1148 3.
240 1086 413 1164 Dionysius,
433 1088 529 1148 multis
544 1087 664 1147 urbibus
688 1089 800 1166 captis,
825 1105 889 1147 cum
903 1086 1057 1164 Rheginos
1078 1088 1126 1148 ad·

82 1173 166 1250 gredi
187 1172 295 1247 vellet,
326 1172 375 1250 qui
398 1174 492 1249 copiis
514 1172 712 1246 abundabant,
736 1172 851 1232 simulat
873 1190 975 1250 pacem
994 1173 1128 1250 petitque

83 1257 120 1316 ab
144 1257 204 1332 eis,
231 1266 262 1316 ut
284 1265 459 1315 commeatus
483 1257 625 1316 exercitui
648 1257 739 1333 ipsius
762 1255 1028 1316 subministrarent:
1049 1257 1129 1334 quod

85 1359 148 1400 curn
170 1342 390 1419 impetrassent,
415 1341 557 1400 exhausto
580 1341 790 1418 oppidanorum
807 1340 949 1400 frumento
968 1341 1128 1418 adgressus

83 1424 184 1483 urbem
206 1424 348 1483 alimentis
371 1424 536 1483 destitutam
557 1426 716 1502 superavit.

168 1508 197 1565 4.
239 1506 319 1566 ldem
349 1514 377 1563 et
399 1507 539 1567 adversus
558 1507 731 1567 Himeraeos
754 1507 862 1567 iecisse
884 1506 997 1568 dicitur.

169 1592 199 1650 5.
240 1589 424 1664 Alexander,
458 1590 677 1669 obpugnaturus
709 1590 883 1652 Leucadiam
918 1578 1142 1652 commeatibusr

84 1674 292 1747 abundantem,
314 1675 393 1749 prius
407 1674 528 1734 castella
541 1693 614 1753 quae
627 1676 655 1733 in
670 1677 795 1735 confinio
809 1685 890 1735 erant
902 1677 992 1754 cepit,
1012 1694 1127 1736 omnes·

84 1777 141 1837 que
159 1777 196 1817 ex
212 1759 256 1817 his
275 1756 447 1816 Leucadiam
464 1777 567 1837 passus
585 1769 630 1819 est
646 1760 824 1838 coningere,
848 1769 879 1820 ut
902 1760 1037 1822 alimenta
1053 1762 1128 1821 inter

83 1843 189 1901 multos
212 1843 340 1902 celerius
358 1841 587 1904 absumerentur.

169 1928 198 1989 6.
240 1926 369 1988 Phalaris
385 1925 610 2005 Agrigentinus,
635 1947 699 1987 cum
716 1929 859 2007 quaedam
882 1928 949 1988 loca
968 1931 1127 1989 munitione

84 2021 145 2072 tuta
170 2015 198 2071 in
220 2011 319 2073 Sicilia
343 2011 540 2090 obpugnaret,
568 2014 701 2072 simulato
724 2013 846 2073 foedere
869 2013 1028 2088 igumenta,
1054 2030 1128 2091 quac

84 2097 201 2157 residua
229 2117 261 2157 se
292 2095 402 2155 habere
425 2097 557 2174 dicebat,
582 2097 657 2174 apud
680 2113 733 2155 eos
757 2097 909 2175 deposuit:
933 2097 1038 2157 deinde
1062 2098 1129 2157 data

86 2198 192 2258 opero,
216 2191 246 2240 ut
269 2189 411 2239 tectorum
435 2199 585 2258 camerae,
609 2184 637 2241 in
660 2181 764 2258 quibus
787 2181 816 2240 id
840 2180 1062 2259 conferebatur,
1082 2200 1128 2241 re·

86 2269 198 2324 scissae
221 2266 346 2342 pluviam
373 2265 555 2341 reciperent,
587 2266 690 2327 liducia
723 2265 830 2324 conditi
859 2275 1037 2325 commeatus
1060 2284 1128 2344 pro·

83 2350 148 2427 prio
164 2350 259 2407 tritico
277 2347 383 2406 abusos
398 2349 491 2425 primo
511 2351 591 2410 initio
608 2349 727 2410 aestatis
743 2348 913 2427 adgressus,
937 2350 1036 2430 inopia
1050 2369 1129 2410 com·

86 2432 158 2510 pulit
174 2433 209 2492 ad
221 2431 406 2492 deditionem.

503 2598 651 2661 CAPUT
674 2603 711 2664 V.

129 2729 405 2789 QUEMADMODUM
435 2731 729 2799 PERSUADEATUR,
757 2733 976 2782 OBSIDIONEM
1005 2735 1086 2782 PER·

507 2815 711 2864 Mnnsunnn.

175 2937 201 2994 1.
245 2931 404 2995 Clearchus
421 2934 683 3012 Lacedaemonius,
703 2937 886 3017 exploratum
908 2939 1020 3000 habens
1039 2938 1130 2999 Thra·

88 3037 138 3079 cas
155 3019 249 3077 omnia
266 3020 353 3078 victui
373 3022 541 3081 necessaria
562 3023 590 3079 in
606 3031 726 3081 montes
738 3033 957 3101 comportasse,
980 3042 1036 3084 una
1058 3041 1130 3102 quo·

88 3121 144 3181 que
175 3120 229 3180 spe
257 3106 429 3180 sustentari,
456 3122 513 3183 quo
542 3104 698 3165 crederent
732 3125 797 3165 eum
824 3116 1002 3167 commeatus
1031 3109 1131 3187 inopia

88 3205 288 3263 recessurum,
319 3189 423 3266 perid
451 3198 581 3267 tempus,
610 3190 687 3266 quod
712 3189 829 3267 legatos
856 3209 956 3252 eorum
988 3202 1130 3252 venturos

89 3270 277 3350 opinabatur,
300 3273 426 3351 aliquem
441 3292 479 3332 ex
496 3273 618 3350 captivis
636 3274 664 3332 in
685 3284 847 3353 conspectu
866 3277 950 3335 iussit
968 3276 1077 3353 occidi,
1101 3296 1118 3336 e

87 3355 265 3422 membratim
291 3367 434 3435 tamquam
453 3357 580 3417 alimenti
603 3375 690 3417 causa
713 3360 741 3416 in
763 3359 952 3420 contubernia
974 3360 1121 3422 distribuit

88 3440 228 3518 Thraces,
252 3442 321 3502 nihil
341 3459 398 3501 non
414 3441 555 3501 iacturum
573 3446 913 3520 perseverantiae-causa
929 3463 995 3505 eum
1008 3445 1131 3507 creden·
