2438 3848
85 183 125 243 54
417 194 494 242 aux.
518 193 607 241 roan
630 191 801 241 raousrur

172 350 221 409 11.
267 347 305 408 lll.
329 347 433 407 Atilius
450 347 582 423 consul,
611 345 691 407 bello
712 346 870 408 Samnitico
898 364 936 406 ex
965 347 1032 407 acie
1055 347 1133 408 reiu-

84 433 231 512 gientibus
257 434 285 492 in
310 441 406 493 castra
429 431 566 491 militibus
593 434 686 490 aciem
716 448 834 490 suorum
862 429 1020 509 obposuit,
1048 432 1133 492 adlir·

85 536 183 593 maus,
205 535 306 577 secum
327 525 437 576 etcum
460 515 544 575 bouis
567 515 679 574 ciuibus
702 515 887 575 dimicaturos
907 531 979 590 eos,
995 516 1051 575 uisi
1070 535 1134 576 cum

84 601 218 662 hostibus
238 601 415 661 maluissent.
459 598 502 659 Ea
524 600 637 658 ratione
665 600 819 659 universos
844 599 872 657 in
893 599 985 657 aciem
1006 599 1132 660 reduxit.

174 683 222 744 12.
266 683 297 743 L.
322 684 421 758 Sulla,
445 682 615 742 cedentibus
644 682 698 742 iam
721 681 889 758 legionibus
912 684 1058 742 exercitui
1081 683 1133 742 bll-

85 768 239 828 thridatico
268 767 355 826 ductu
386 765 542 841 Archelai,
572 767 673 825 stricto
699 766 797 841 gladio
829 768 857 824 iu
887 766 1008 843 primam
1039 769 1133 827 aciem

84 851 268 928 procucurrit
290 850 500 929 adpellensque
520 849 626 909 milites
647 849 733 908 dixit:
754 851 779 908 si
802 851 866 927 quis
883 852 1065 927 quaesisset,
1085 850 1135 911 ubi

85 938 291 1013 imperatorem
312 935 516 1012 reliquissent,
540 934 771 1012 responderent,
795 941 971 1011 pugnantem
991 935 1019 993 in
1037 934 1134 994 Boeo·

86 1020 135 1077 tia.
182 1015 272 1076 Cuius
291 1019 335 1077 rei
359 1018 471 1096 pudore
493 1018 622 1077 universi
643 1035 708 1076 euru
730 1017 825 1076 secuti
846 1025 920 1075 sunt.

172 1099 220 1162 13.
265 1100 356 1162 Divus
376 1101 481 1178 lulius,
504 1101 539 1162 ad
561 1100 694 1160 Mundam
715 1099 911 1160 referentibus
933 1099 993 1159 suis
1015 1101 1133 1178 pedem,

86 1203 192 1263 equum
215 1203 295 1244 suum
324 1185 429 1247 abduci
457 1204 473 1245 a
504 1192 666 1263 conspectu
688 1185 771 1243 iussit
800 1193 829 1244 et
850 1185 879 1243 in
897 1185 1017 1261 primam
1040 1185 1134 1244 aciem

85 1268 178 1347 pedes
207 1270 351 1347 prosiluit.
396 1270 523 1345 blilites,
554 1270 620 1329 dum
648 1269 810 1329 destituere
838 1268 1047 1346 imperatorem
1070 1287 1134 1328 eru·

85 1353 234 1431 bossunt,
247 1354 481 1431 redintegrarunt
502 1353 655 1431 proelium.

174 1437 222 1496 14.
267 1436 417 1516 Philippus
440 1439 567 1511 veritus,
595 1454 633 1495 ne
652 1437 788 1514 impetum
816 1434 990 1509 Scytharum
1010 1435 1055 1494 sui
1078 1452 1135 1495 uon

85 1521 279 1594 sustinerent,
303 1520 490 1579 lidelissimos
505 1520 634 1596 equitum
652 1538 669 1578 a
688 1529 775 1595 tergo
791 1519 889 1596 posuit
909 1520 1133 1596 praecepitque,

85 1622 123 1662 ne
151 1621 236 1681 quem
260 1603 484 1662 commilitonum
513 1621 551 1661 ex
572 1603 636 1662 acie
659 1603 763 1679 lugere
785 1611 966 1679 paterentur3
992 1619 1133 1680 perseve-

85 1687 194 1746 rantius
217 1684 360 1745 abeuntes
375 1687 568 1747 trucidarent.
614 1685 678 1758 Qua
697 1686 912 1746 denuntiatione
930 1703 994 1744 cum
1017 1687 1134 1747 ellecis·

86 1779 148 1844 set,
172 1779 202 1829 ut
225 1770 310 1836 etiam
333 1769 503 1830 timidissimi
523 1770 642 1830 mallent
661 1769 697 1831 ab
717 1769 850 1830 hostibus
867 1787 951 1847 quam
970 1789 986 1830 a
1009 1773 1070 1831 suis
1094 1773 1134 1831 iu·

84 1853 197 1931 terirci,
220 1855 372 1915 victoriam
394 1854 559 1934 adquisivit.

494 1987 645 2048 CAPUT
668 1985 726 2046 lx.

84 2087 131 2133 ou
145 2087 202 2135 ms
210 2119 219 2153 ,
235 2085 327 2146 oues
342 2085 430 2134 rosv
443 2085 623 2134 Pacuuium
636 2084 782 2132 acanus
796 2083 895 2131 sonu.
925 2082 956 2130 sr
971 2083 1037 2131 aus
1052 2085 1134 2132 Pao-

117 2171 225 2219 srsau
243 2170 418 2237 cassurus,
434 2171 481 2217 oa
501 2167 775 2218 consummantum
787 2166 964 2228 aaurqurrs
984 2167 1101 2217 esaar.

173 2278 199 2335 l.
246 2272 419 2352 (1.111ιιιῐιιιἸ
440 2276 525 2335 victis
544 2273 659 2353 proelio
674 2271 834 2346 Teutonis,
857 2271 996 2350 reliquias
1021 2291 1134 2349 eorum,

86 2359 152 2437 quia
181 2376 240 2418 uox
269 2360 484 2434 intervenerat,
516 2356 750 2432 circumsedens,
779 2354 901 2415 sublatis
930 2355 1055 2417 subinde
1075 2358 1134 2418 cla·

85 2441 215 2501 moribus
242 2458 431 2519 perpaucos
460 2458 578 2501 suorum
605 2442 748 2511 territavit
774 2441 993 2516 insomnemque
1020 2441 1135 2502 hostem

86 2527 224 2591 detinuit:
246 2544 283 2584 ex
306 2542 342 2585 eo
361 2526 528 2602 adsecutus,
551 2534 581 2585 ut
600 2534 721 2604 postero
739 2524 787 2584 die
807 2523 1000 2600 irrequietum
1019 2525 1135 2586 facilius

86 2609 262 2670 debellaret.

171 2692 201 2752 2.
248 2691 384 2753 Claudius
397 2691 495 2768 Nero,
519 2693 603 2752 victis
621 2693 745 2768 Poenis,
767 2707 841 2770 quos
853 2689 1038 2750 Hasdrubale
1060 2693 1135 2754 duce

84 2779 113 2836 io
136 2776 246 2837 ltaliam
273 2795 310 2835 ex
332 2776 469 2854 Hispania
492 2778 661 2837 traicientes
684 2784 864 2855 exceperat,
896 2784 984 2853 caput
1007 2774 1134 2838 Hasdru·

83 2861 160 2921 belis
181 2862 209 2919 iu
234 2869 328 2920 castra
344 2861 512 2921 Hannibalis
535 2862 640 2921 eiecit:
665 2877 723 2940 quo
746 2861 853 2921 iactum
876 2867 940 2934 est,
965 2867 995 2917 ut
1014 2870 1044 2920 et
1059 2860 1135 2921 Hau·

82 2945 162 3005 nibal
186 2945 264 3005 luctu
288 2945 384 3006 fratris
406 2947 497 3007 occisi
521 2955 551 3006 et
572 2947 721 3006 exercitus
733 2944 940 3024 desperatione
960 2943 1136 3007 adventandi

83 3029 224 3108 praesidii
246 3029 464 3107 adfligerentur.
642 3104 646 3111 ι

169 3113 198 3176 3.
243 3112 273 3173 h.
295 3114 375 3175 Sulla
398 3115 454 3191 his,
478 3115 525 3192 qui
546 3113 706 3174 Praeneste
725 3111 944 3186 obsidebantur,
968 3112 1136 3173 occisorum

83 3199 112 3258 in
136 3196 252 3274 proelio
282 3199 385 3259 ducum
413 3200 509 3278 capita
538 3198 629 3259 hastis
656 3197 787 3278 praelixa
811 3194 956 3271 ostendit,
986 3205 1075 3276 atque
1098 3201 1136 3260 ita

84 3281 295 3342 obstinatorum
314 3283 509 3361 pervicaciam
527 3283 626 3360 lregit.

170 3370 199 3427 4.
245 3366 390 3427 Arminius
415 3368 474 3427 dux
493 3366 701 3428 Germanorum
721 3365 816 3444 capita
841 3380 959 3438 eorum,
983 3382 1060 3443 quos
1085 3383 1135 3426 oc-

85 3451 213 3530 ciderat,
237 3452 369 3512 similiter
391 3451 523 3530 praelixa
544 3451 580 3511 ad
598 3450 704 3511 vallum
719 3450 843 3510 hostium
868 3448 1018 3510 admoveri
1039 3451 1135 3513 iussit.
