2438 3848
193 180 241 226 on
264 179 382 240 Aquas
403 179 577 229 occursus
595 131 699 229 {iners
724 181 844 230 nonna
867 181 983 230 nmen.
1046 171 1105 230 107

63 337 294 408 centenariarum
323 344 352 394 et
382 344 547 395 ceterorum
574 335 775 414 modulorum,
798 356 853 416 per
876 354 949 416 quos
971 356 1105 397 mensura

63 422 220 480 constituta
236 429 296 496 est,
321 421 522 497 proferamus,
546 429 576 479 et
587 420 732 499 indicare,
757 439 831 498 quae
847 424 884 481 sit
896 439 996 481 eorum
1008 423 1104 497 origo,

63 522 138 584 quae
157 506 254 578 vires,
283 513 312 562 et
336 505 403 582 quid
427 522 560 581 quaeque
581 504 741 581 adpellatio
757 507 916 582 significet,
940 507 1105 583 proposita·

63 608 120 667 que
151 587 270 663 regula,
303 588 339 648 ad
372 605 456 664 quam
486 590 560 657 ratio
588 605 689 647 eorum
719 599 749 649 et
777 591 885 650 initium
910 597 1104 667 computatur,

62 673 240 746 ostendere,
264 690 320 748 qua
334 673 448 731 ratione
470 670 663 750 discrepantia
678 674 837 734 invenerim
859 683 888 734 et
910 693 994 752 quam
1009 691 1104 733 emen·

63 757 150 817 dandi
172 756 247 815 viam
270 758 324 814 sim
345 765 473 815 secutus.

150 839 200 899 24.
244 839 392 916 Aquarum
414 839 523 915 moduli
538 848 586 898 aut
606 840 641 899 ad
665 839 817 916 digitorum
833 850 881 901 aut
902 842 939 901 ad
960 842 1107 900 unciarum

63 942 228 984 mensuram
250 925 368 983 instituti
401 933 474 995 sunt.
518 922 609 999 Digiti
629 925 657 982 in
681 923 835 1003 Campania
858 936 888 985 et
909 929 937 985 in
955 927 1106 1004 plerisque

62 1010 166 1070 ltaliae
195 1008 286 1083 locis,
315 1008 417 1067 unciae
440 1010 468 1066 in
493 1006 685 1085 popularibus
706 1010 866 1069 rationibus
889 1011 983 1069 adhuc
1003 1011 1105 1069 obser·
1194 1026 1201 1039 ’

62 1104 175 1154 vantur.
220 1091 274 1151 Est
291 1102 386 1151 autem
401 1092 525 1168 digitus,
541 1093 737 1169 utconvenit,
758 1094 956 1153 sextadecima
971 1112 1039 1172 pars
1054 1112 1105 1172 pe·

64 1179 125 1253 dis,
155 1177 240 1235 uncia
267 1176 447 1236 duodecima.
493 1174 740 1248 Quemadmodum
771 1187 865 1237 autern
893 1179 968 1237 inter
994 1179 1106 1237 unciam

65 1273 96 1322 et
119 1262 237 1338 digitum
264 1260 438 1336 diversitas,
466 1261 505 1318 ita
526 1268 555 1318 et
576 1261 668 1338 ipsius
691 1261 772 1337 digiti
794 1260 919 1339 simplex
937 1261 1105 1321 observatio

63 1365 123 1407 non
145 1353 199 1405 est.
244 1344 327 1404 Alius
344 1355 466 1404 vocatur
489 1345 656 1423 quadratus,
681 1345 754 1404 alius
778 1346 929 1404 rotundus.
976 1344 1104 1417 Quadra-

63 1442 111 1490 tus
132 1429 225 1488 tribus
249 1429 481 1507 quartisdeoimis
504 1430 564 1487 suis
584 1430 708 1489 rotundo
730 1431 836 1497 maior;
853 1428 991 1488 rotundus
1014 1427 1105 1487 tribus

64 1513 226 1573 undecimis
254 1515 313 1572 suis
345 1512 485 1590 quadrato
513 1514 606 1573 minor
628 1523 689 1589 est,
710 1514 825 1574 scilicet
849 1514 915 1592 quia
938 1512 1035 1590 anguli
1056 1513 1105 1572 de·

64 1608 207 1658 teruntur.
254 1598 338 1676 (25.)
358 1598 463 1657 Postea
481 1598 631 1675 modulus,
648 1617 704 1658 nec
726 1599 761 1658 ab
783 1600 867 1659 uncia
888 1616 944 1657 nec
963 1598 998 1657 ab
1018 1597 1105 1657 alter-

66 1692 130 1743 utro
161 1682 315 1757 digitorum
343 1684 484 1760 originem
505 1683 670 1761 accipiens,
695 1683 843 1754 inductus,
866 1692 896 1742 ut
919 1684 1032 1760 quidam
1054 1701 1105 1760 pu-

65 1775 141 1841 tant,
162 1766 197 1825 ab
220 1764 370 1844 Agrippa,
398 1777 427 1827 ut
449 1767 512 1841 alii,
536 1785 551 1825 a
571 1766 738 1844 plumbariis
759 1786 813 1846 per
833 1767 995 1826 Vitruvium
1013 1766 1105 1826 archi·

64 1858 189 1923 tectum,
219 1851 247 1908 in
276 1869 358 1908 usum
385 1851 464 1909 urbis
494 1850 624 1909 exclusis
651 1851 798 1927 prioribus
819 1852 913 1924 venit,
943 1850 1106 1928 adpellatus

65 1935 196 2012 quinario
209 1936 340 1992 nomine:
364 1937 411 2010 qui
425 1941 519 1992 autem
531 1931 691 2010 Agrippam
702 1942 851 1993 auctorem
863 1934 981 2008 faciunt,
997 1934 1106 2007 dicunt,
1160 1939 1166 1945 '

65 2018 144 2095 quod
172 2019 298 2095 quinque
319 2019 426 2093 antiqui
448 2015 555 2074 moduli
578 2016 672 2074 exiles
696 2027 725 2076 et
746 2017 837 2075 veluti
860 2025 981 2094 puncta,
1003 2016 1106 2093 quibus

65 2103 135 2161 olim
155 2119 245 2178 aqua,
269 2119 333 2159 curn
356 2103 463 2176 exigua
486 2107 582 2175 esset,
607 2099 804 2174 dividebatur,
827 2100 856 2158 in
878 2117 961 2158 unam
984 2099 1107 2158 fistulam

64 2186 163 2246 coacti
181 2192 260 2250 sunt;
285 2185 331 2260 qui
344 2184 505 2243 Vitruvium
526 2192 555 2241 et
570 2182 766 2261 plumbarios,
790 2183 825 2243 ab
849 2201 901 2259 eo,
925 2183 1003 2262 quod
1016 2183 1106 2261 plum·

63 2270 122 2329 bea
145 2268 247 2326 lamina
267 2267 373 2346 plana,
396 2269 521 2346 quinque
542 2267 697 2344 digitorum
713 2267 891 2328 latitudinem
906 2267 1027 2344 habens,
1052 2268 1106 2326 cir·

68 2361 199 2414 cumaota
219 2354 247 2410 in
269 2353 437 2427 rotundum,
470 2352 546 2411 hunc
573 2352 686 2412 irstulae
713 2353 860 2413 modulum
885 2352 1002 2412 efficiat.
1048 2350 1107 2411 Sed

65 2439 123 2497 hoc
142 2436 283 2495 incertum
299 2447 357 2506 est;
381 2438 532 2515 quoniam,
555 2455 619 2496 cum
634 2438 853 2514 circumagitur,
875 2439 950 2497 sicut
966 2439 1106 2496 interiore

65 2530 149 2599 parte
173 2521 347 2596 adtrahitur,
370 2522 409 2580 ita
430 2540 485 2599 per
501 2520 597 2595 illam,
624 2539 699 2599 quae
720 2522 799 2581 toras
822 2531 953 2600 spectat,
976 2521 1106 2580 extendi·

65 2616 120 2665 tur.
166 2603 289 2664 Maxime
320 2605 474 2684 probabile
508 2613 570 2680 est,
600 2606 758 2683 quinariam
787 2606 892 2674 dictam
922 2625 938 2664 a
967 2606 1106 2664 diametro

66 2689 193 2767 quinque
214 2689 419 2765 quadrantum;
447 2708 522 2768 quae
545 2690 619 2748 ratio
642 2691 669 2747 in
696 2689 885 2766 sequentibus
908 2705 1023 2766 quoque
1046 2704 1106 2746 mo·

66 2772 141 2833 dulis
163 2789 256 2848 nsque
274 2771 310 2830 ad
326 2774 500 2832 vicenariam
518 2775 617 2848 durat,
638 2773 778 2832 diametro
792 2791 844 2850 per
861 2770 991 2847 singulos
1010 2772 1106 2830 adiec-

65 2860 144 2916 tione
168 2856 344 2931 singulorum
368 2857 555 2932 quadrantem
577 2866 748 2916 crescente:
775 2866 805 2914 ut
828 2858 855 2914 in
877 2856 1006 2930 senaria,
1031 2872 1107 2933 quae

65 2960 121 3000 sex
138 2941 253 2998 scilicet
272 2939 446 3015 quadrantes
467 2943 495 2998 in
508 2941 648 3000 diametro
666 2940 769 3015 habet,
791 2949 820 2999 et
837 2940 1018 3017 septenaria,
1033 2956 1107 3018 quae

67 3034 197 3102 septem,
222 3034 251 3082 et
273 3023 414 3100 deinceps
440 3024 525 3083 simili
546 3027 725 3084 incremento
747 3043 840 3102 usque
863 3024 899 3083 ad
921 3025 1104 3083 vicenariam.

151 3107 203 3168 26.
241 3106 340 3165 Omnis
366 3116 460 3166 autem
487 3108 621 3167 modulus
648 3108 796 3184 colligitur
825 3117 873 3168 aut
896 3109 1035 3169 diametro
1059 3118 1107 3168 aut

67 3192 224 3271 perimetro
252 3200 299 3263 aut
325 3209 413 3250 areae
436 3209 584 3259 mensura;
614 3192 775 3270 exquibus
798 3201 826 3252 et
849 3195 997 3271 capacitas
1019 3194 1105 3271 adpa-
1204 3247 1206 3252 .

65 3285 120 3335 ret.
166 3275 366 3335 Differentiam
389 3277 508 3351 unciae,
532 3277 613 3352 digiti
637 3276 770 3354 quadrati
789 3286 818 3336 et
842 3277 923 3354 digiti
943 3278 1059 3337 rotundi
1077 3285 1107 3335 et

65 3360 156 3437 ipsius
180 3361 327 3437 quinariae
351 3369 381 3418 ut
403 3360 518 3419 facilius
540 3360 735 3436 dinoscamus,
758 3363 894 3421 utendum
910 3371 955 3421 est
972 3362 1104 3421 substan·

66 3446 104 3506 tia
123 3445 289 3523 quinariae,
310 3445 358 3523 qui
379 3444 513 3506 modulus
533 3453 564 3504 et
579 3446 758 3523 certissimus
778 3455 808 3507 et
826 3447 950 3509 maxime
966 3452 1106 3519 receptus
