2438 3848
251 157 593 208 suasunonurmcou
612 159 682 209 uns.
706 159 730 209 1.
755 159 830 209 ose.
854 162 928 209 vnr.
1086 151 1130 212 19-

82 315 245 390 deberent,
269 315 435 392 missosque
457 331 510 374 eos
525 313 606 374 velut
628 317 772 376 contraria
794 317 916 394 pignora
938 317 1127 394 retinuerunt,

82 419 139 461 nec
159 407 227 460 ante
246 398 435 458 reddiderunt
451 417 536 476 quam
554 399 610 477 ipsi
629 409 839 478 recuperarent
854 418 934 459 suos.

171 486 200 544 7.
246 482 347 559 Legati
369 481 581 559 Rornanorum,
607 501 671 543 cum
686 484 765 543 missi
782 494 882 544 essent
902 485 938 544 ad
954 484 1128 544 Antiochum

82 586 205 645 regem,
220 568 270 646 qui
285 584 387 626 secum
400 565 589 626 Hannibalem
604 568 688 626 victis
705 569 760 628 ian
776 567 1062 646 Carthaginiensibus
1078 569 1127 628 ha·

82 653 173 714 bebat
190 651 401 728 consiliumque
422 651 485 710 eius
502 650 643 710 adversus
657 651 804 712 Romanos
820 653 996 727 instruebat,
1015 653 1128 712 crebris
1209 691 1212 695 -

84 756 149 798 curn
160 735 321 796 Hannibale
337 734 493 811 colloquiis
506 735 682 812 effecerunt,
700 746 729 795 ut
745 730 769 795 is
783 739 847 813 regi
863 737 948 796 lieret
960 747 1127 815 suspectus,

84 824 130 883 cui
156 820 339 898 gratissimus
362 818 491 896 alioquin
513 828 542 878 et
561 819 640 879 utilis
662 829 725 880 erat
748 830 871 900 propter
889 821 1076 882 calliditatem
1099 831 1129 881 et

82 906 218 984 peritiam
231 902 370 965 bellandi.

123 1062 125 1069 Α
170 989 200 1050 8.
245 987 282 1060 Q.
298 985 435 1046 Metellus
452 985 593 1046 adversus
608 985 774 1064 lugurtlram
793 987 902 1048 bellum
917 1008 1045 1066 gerens,
1061 991 1128 1049 mis·

84 1091 136 1133 sos
151 1074 189 1133 ad
205 1089 239 1131 se
257 1072 373 1149 legatos
390 1073 452 1130 eius
469 1071 617 1149 corrupit,
634 1080 664 1130 ut
680 1071 735 1130 sibi
751 1072 914 1148 proderent*
928 1091 1045 1149 regem:
1064 1091 1128 1132 cum

86 1167 115 1216 et
138 1157 188 1217 alii
203 1157 368 1232 venissent,
391 1154 467 1214 idem
485 1155 572 1214 iecit:
597 1155 702 1214 eodem
726 1155 849 1214 consilio
867 1175 936 1215 usus
958 1166 1003 1215 est
1027 1166 1056 1215 et
1079 1157 1128 1216 ad·

84 1259 190 1301 versus
213 1241 326 1300 tertios.
372 1239 432 1299 Sed
452 1237 489 1298 de
507 1239 675 1315 captivitate
691 1237 849 1315 Iugurthae
871 1256 919 1298 rea
938 1258 1040 1317 parurn
1061 1257 1129 1317 pro-

86 1326 191 1386 cessit:
215 1325 311 1383 vivum
328 1324 402 1383 enim
421 1322 495 1383 tradi
517 1321 573 1381 sibi
594 1321 724 1382 volebat.
768 1322 922 1383 Plurimum
942 1333 1038 1383 tamen
1061 1341 1129 1384 con·

86 1418 205 1470 secutus
218 1417 278 1468 est:
295 1425 360 1468 nam
377 1424 440 1466 oum
455 1408 637 1486 interceptae
654 1407 777 1466 luissent
793 1407 937 1486 epistolae
954 1411 1015 1469 eius
1031 1409 1067 1469 ad
1083 1428 1129 1469 re·

85 1495 151 1571 gios
167 1493 278 1552 amicos
299 1493 446 1570 scriptae,
469 1493 498 1551 in
520 1508 621 1552 omnes
643 1508 696 1551 eos
720 1509 774 1551 rex
788 1493 1003 1563 animadvertit;
1022 1493 1130 1573 spolia·

86 1589 191 1657 tueque
208 1576 355 1650 consiliis,
373 1577 482 1635 amicos
498 1585 602 1654 postea
614 1594 725 1655 parare
741 1594 799 1636 non
817 1579 920 1656 potuit.

48 1665 57 1674 '
171 1661 202 1721 9.
248 1657 281 1720 C.
300 1656 428 1735 Caesar,
448 1677 512 1718 cum
535 1678 591 1739 per
610 1670 766 1739 exceptum
787 1662 937 1740 quemdam
959 1671 1130 1739 aquatorern

86 1745 283 1824 comperisset
304 1743 454 1803 Afranium
474 1743 677 1823 Petreiumque
701 1753 797 1806 castra
818 1755 905 1805 noctu
924 1755 1072 1821 moturos,
1100 1753 1131 1804 ut
1155 1806 1156 1809 ,

87 1831 159 1890 citra
174 1830 362 1888 vexationem
377 1845 494 1887 suorum
510 1827 626 1888 hostilia
642 1830 794 1908 impediret
810 1829 947 1904 consilia,
971 1831 1051 1888 initio
1073 1838 1130 1888 sta·
1185 1890 1187 1894 ,

86 1915 135 1974 tim
162 1915 258 1973 noctis
280 1931 352 1972 vasa
376 1907 559 1979 conclamare
580 1912 686 1973 milites
708 1922 737 1972 et
758 1923 878 1991 praeter
896 1913 1131 1973 adversariorum
1158 1966 1161 1975 .

87 2007 183 2058 castra
202 1998 251 2075 agi
268 1972 456 2056 mamm
466 1996 581 2056 fremitu
603 2006 632 2055 et
648 2013 749 2056 sonum
764 1998 931 2055 continuare
949 1996 1046 2055 iussit:
1072 2014 1128 2073 quo

86 2090 218 2144 retentos
235 2079 355 2141 volebat
374 2079 523 2156 arbitrari,
546 2089 641 2140 castra
659 2078 695 2138 ad
712 2097 745 2138 se
762 2078 919 2139 Caesarem
933 2094 1064 2138 movere.

174 2166 224 2227 10.
247 2166 348 2243 Scipio
363 2164 535 2237 Africanus,
549 2163 585 2222 ad
601 2163 773 2240 excipienda
785 2163 890 2223 auxilia
906 2180 969 2222 cum
987 2180 1130 2222 commea·

87 2248 325 2310 tibusllannibali
334 2249 489 2323 venientia,
506 2247 544 2306 lll.
553 2246 706 2307 Thermum
720 2247 835 2325 dimisit,
848 2249 912 2326 ipse
925 2245 1129 2307 subventurus.

176 2335 225 2394 11.
269 2333 427 2408 Dionysius
449 2333 699 2406 Syracusanorum
726 2340 878 2409 tyrannus,
908 2351 972 2392 cum
1000 2332 1063 2392 Afri
1089 2334 1130 2392 in-

87 2418 168 2496 genti
193 2417 375 2478 multitudine
405 2416 554 2475 traiecturi
582 2425 681 2475 essent
711 2417 739 2476 ln
766 2417 894 2478 Siciliam
922 2417 958 2477 ad
986 2435 1051 2476 cunr
1079 2417 1130 2476 ob·

88 2502 291 2581 pugnandum,
314 2499 437 2561 castella
465 2497 596 2578 pluribus
619 2499 693 2560 locis
719 2503 883 2561 communiit
903 2500 1132 2579 custodibusque

88 2588 260 2666 praecepit,
283 2595 314 2644 ut
336 2603 372 2644 ea
388 2584 554 2643 advenienti
569 2583 647 2644 hosti
663 2584 803 2645 dederent
821 2586 988 2662 dimissique
1005 2586 1131 2660 Syracu-

87 2689 136 2731 sas
154 2669 273 2730 occulte
289 2670 427 2729 redirent.
472 2668 553 2728 Ainis
575 2686 700 2729 necesse
723 2669 775 2729 fuit
798 2679 883 2747 capta
905 2669 1028 2730 castella
1045 2687 1130 2748 prae·

88 2755 164 2815 sidio
191 2753 310 2813 militum
330 2762 447 2822 tenere;
471 2770 546 2831 quos
561 2753 736 2829 Dionysius,
756 2753 892 2813 redactos
916 2753 952 2813 ad
976 2772 1062 2833 quam
1079 2771 1131 2812 vo·

36 2870 39 2878 ·
88 2839 183 2898 luerat
198 2839 389 2917 paucitatem,
409 2856 502 2916 paene
518 2839 574 2897 iam
588 2856 640 2916 par
659 2855 777 2896 numero
790 2837 949 2914 adgressus
963 2839 1043 2912 vicit,
1068 2857 1132 2897 cum

87 2940 158 2983 suos
175 2922 370 2982 contraxisset
390 2931 419 2981 et
433 2922 618 2982 adversarios
637 2923 803 3000 sparsisset.

177 3005 225 3067 12.
270 3006 428 3082 Agesilaus
444 3005 706 3080 Lacedaemonius,
725 3024 789 3064 cum
809 3005 931 3064 inferret
946 3004 1053 3065 bellum
1070 3004 1132 3064 Tis-

90 3089 266 3170 saphernae,
285 3087 398 3150 Cariam
413 3108 446 3150 se
464 3099 568 3169 petere
584 3089 742 3163 simulavit,
760 3089 842 3167 quasi
856 3089 951 3165 aptius
963 3090 1036 3150 locis
1052 3107 1133 3148 mon-

90 3177 184 3235 tuosis
202 3175 343 3235 adversus
359 3174 472 3234 hostem
486 3175 614 3250 equitatu
632 3173 850 3252 praevalentem
865 3184 1053 3250 pugnaturus.
1077 3172 1134 3232 Per

90 3260 166 3320 hanc
188 3259 304 3320 consilii
331 3260 555 3318 ostentationem
578 3267 701 3317 avocato
729 3259 757 3317 in
785 3255 900 3316 Cariam
925 3256 1132 3335 Tissapherne,

90 3345 155 3423 ipse
172 3342 309 3420 Lydiam,
332 3341 380 3401 ubi
396 3352 482 3420 caput
493 3341 618 3401 hostium
633 3343 717 3419 regni
734 3350 811 3418 erat,
835 3341 948 3419 irrupit,
968 3340 1132 3419 obpressis·

90 3447 147 3510 que
164 3429 214 3510 qui
228 3428 292 3491 illio
308 3425 449 3506 agebant,
465 3427 590 3506 pecunia
603 3427 685 3505 regia
701 3428 810 3506 potitus
826 3433 882 3486 est.

471 3542 475 3551 .
939 3521 986 3582 v
