2438 3848
254 164 594 214 sunauxoumauloon
617 166 685 212 LIB.
696 165 719 212 1.
744 163 818 212 caP.
832 165 881 213 XI.
894 166 956 213 XII.
1090 149 1129 211 25

83 323 140 397 cit,
162 329 194 380 ut
217 322 397 400 repetiturus
419 320 502 398 illas,
527 319 667 399 aquibus
690 319 947 399 proficiscebatur,
973 329 1067 380 terras
1090 323 1130 379 vi-

82 406 213 550 deret}
247 487 279 548 P.
293 475 482 566 Sempronius
505 488 623 566 Sophus
644 487 758 564 consul,
782 489 845 549 acie
869 487 1010 547 adversus
1029 483 1130 546 Picen-

84 584 129 635 tes
153 573 280 648 directa,
303 591 368 632 cum
390 572 502 633 subitus
525 582 622 632 terrae
644 583 739 632 motus
759 582 897 650 utrasque
913 582 1011 650 partes
1031 572 1130 630 coniu-

42 688 48 700 ·
86 659 190 733 disset,
213 657 416 716 exhortatione
430 657 609 716 confirmavit
627 674 697 715 suos
714 665 748 716 et
769 657 889 734 impulit,
911 666 940 716 ut
963 663 1131 716 consterna·

85 751 144 801 tum
169 742 379 820 superstitione
401 740 572 800 invaderent
593 739 725 816 hostem,
750 741 926 819 adortusque
951 741 1068 801 devicit.

170 828 201 885 4.
247 825 415 898 Sertorius,
437 843 501 883 cum
523 827 649 902 equitum
672 833 753 885 scuta
773 826 955 885 extrinsecus
978 842 1130 904 equorum-

85 928 141 989 que
170 918 295 1006 pectora
319 917 437 971 cruenta
466 908 562 968 subito
584 909 719 987 prodigio
742 910 957 988 adpamissent,
980 910 1131 969 victoriam

85 993 223 1072 portendi
243 993 451 1071 interpretatus
473 1001 535 1069 est,
559 995 694 1070 quoniam
716 993 783 1053 illae
804 1003 903 1071 partes
926 993 1058 1052 solerent
1079 994 1130 1053 ho·

86 1078 144 1137 stili
160 1094 267 1136 cruore
282 1078 428 1154 respergi.

171 1162 200 1223 5
247 1159 461 1258 Epaminondas
484 1159 659 1234 Thebanus,
684 1132 860 1219 contristatis
882 1159 1028 1236 militibus,
1053 1162 1130 1239 quod

86 1265 124 1306 ex
145 1245 231 1305 hasta
252 1246 314 1304 eius
337 1253 554 1319 ornamentum,
583 1243 692 1303 infulae
713 1261 794 1302 more
817 1243 1003 1323 dependens,
1026 1254 1130 1304 ventus

86 1329 247 1389 ablatum
239 1347 268 1386 ιιι
290 1328 457 1407 sepulcrum
474 1327 697 1387 Lacedaemonii
714 1329 862 1387 cuiusdam
885 1327 1048 1406 depulerat,
1071 1328 1129 1388 No·

86 1412 148 1489 lite,
171 1413 281 1490 inquit,
304 1413 421 1488 milites,
444 1413 607 1491 trepidare:
630 1412 868 1472 Lacedaemoniis
890 1413 1067 1489 significatur
1089 1417 1130 1473 in·

66 1566 68 1570 ¹
85 1499 207 1564 teritus;
228 1496 364 1574 sepulcra
382 1498 457 1556 enim
471 1496 636 1556 muneribus
653 1506 799 1556 ornantur.

159 1581 203 1642 ’6.
248 1579 339 1657 Idem,
363 1599 427 1640 cum
447 1581 498 1640 lax
518 1581 554 1641 de
572 1582 658 1641 coelo
674 1590 762 1641 nocte
784 1581 904 1660 delapsa
928 1598 993 1658 eos,
1017 1585 1064 1660 qui
1081 1583 1130 1642 ad·

85 1673 256 1741 verterunt,
278 1666 448 1740 terruisset,
470 1664 594 1742 Lumen,
618 1667 726 1744 inquit,
750 1666 807 1727 hoc
828 1667 942 1726 numina
965 1667 1129 1727 ostendunt.

174 1750 204 1808 7.
249 1748 348 1825 Idem,
371 1751 494 1808 instante
517 1750 657 1815 adversus
675 1748 926 1811 lacedaemonios
947 1769 1044 1828 pugna
1067 1769 1130 1810 cum

86 1833 195 1908 sedile,
217 1834 323 1911 inquo
346 1833 515 1912 resederat,
540 1834 742 1895 succubuisset
765 1844 794 1893 et
814 1834 842 1893 id
864 1834 954 1910 vulgo
978 1853 1032 1913 pro
1055 1837 1130 1894 tristi

85 1920 276 1997 exciperetur
296 1917 520 1999 significatione
531 1928 560 1977 et
582 1918 625 1978 sic
647 1919 760 1977 confusi
783 1917 888 1977 milites
903 1920 1129 1996 interpretaren-

85 2011 142 2079 tur,
166 2000 272 2076 Immo,
297 2003 401 2080 inquit,
425 2012 556 2062 vetamur
577 2003 693 2062 sedere

174 2084 202 2146 8.
250 2083 282 2148 G.
298 2086 445 2165 Sulpicius
461 2085 560 2146 Gallus
577 2086 723 2146 defectum
741 2084 826 2143 lunae
849 2084 1014 2143 imminente
1028 2093 1127 2160 nocte,

86 2190 124 2231 ne
150 2186 206 2250 pro
230 2178 346 2230 ostento
369 2171 541 2249 exciperent
562 2171 680 2244 milites,
703 2169 857 2247 praedixit
867 2169 1001 2244 futurum,
1025 2169 1128 2230 additis

85 2253 247 2314 rationibus
267 2255 422 2333 causisque
445 2254 631 2314 delectionis.

174 2339 203 2398 9.
259 2337 443 2415 Agathocles
476 2339 693 2413 Syracusanus,
725 2336 865 2397 adversus
897 2335 1013 2396 Poenos
1045 2338 1129 2397 simili

43 2436 45 2440 ·
87 2422 220 2483 eiusdem
242 2422 347 2482 sideris
367 2422 563 2482 deminutione
586 2424 652 2501 quia
675 2421 728 2482 sub
750 2421 824 2481 diem
848 2438 981 2500 pugnae,
1008 2431 1038 2481 ut
1060 2441 1128 2500 pro-

86 2508 184 2584 digio,
208 2508 315 2567 milites
337 2507 382 2565 sui
406 2509 582 2567 consternati
606 2517 705 2580 erant,
724 2508 837 2565 ratione
861 2523 916 2582 qua
940 2506 967 2564 id
990 2507 1130 2565 acciderit

86 2593 224 2670 exposita
243 2591 358 2665 docuit,
382 2592 520 2668 quidquid
542 2591 611 2652 illud
631 2592 724 2666 foret,
749 2590 784 2650 ad
806 2608 903 2649 rerum
922 2600 1049 2650 naturam
1071 2608 1130 2650 non

86 2675 151 2735 ad
143 2692 274 2753 ipsorum
297 2676 477 2753 propositum
499 2677 659 2752 pertinere.

175 2759 224 2820 10.
268 2759 411 2833 Pericles,
435 2777 499 2818 cum
516 2760 545 2818 in
565 2768 660 2820 castra
684 2760 746 2818 eius
769 2759 877 2819 fulmen
894 2758 1052 2819 decidisset
1070 2767 1128 2817 ter·

86 2844 256 2921 ruissetque
275 2842 395 2918 milites,
419 2832 561 2903 advocata
585 2845 727 2904 concIone
751 2843 925 2920 lapidibus
917 2862 946 2901 m
969 2852 1129 2920 conspectu

87 2928 212 2988 omnium
240 2927 389 2987 collisis'
381 2945 478 3002 ignem
508 2929 639 2988 excussit
667 2928 839 3004 sedavitque
866 2925 1128 3002 conturbationem,

86 3029 151 3070 cum
174 3011 326 3072 docuisset
348 3011 480 3071 similiter
497 3011 612 3070 nubium
636 3013 740 3072 adtritu
764 3012 860 3070 excuti
884 3011 999 3070 tulmen.

173 3096 223 3156 11.
269 3094 438 3155 Timotheus
462 3095 667 3171 Atheniensis,
695 3095 836 3155 adversus
865 3092 1051 3170 Corcyraeos
1079 3115 1128 3156 nan

82 3179 143 3239 vali
167 3179 284 3258 proelio
308 3179 527 3256 decertaturus,
553 3179 742 3257 gubernatori
765 3195 836 3254 suo,
862 3180 910 3255 qui
931 3180 1129 3257 proficiscenti

88 3265 144 3325 iam
164 3263 254 3324 classi
274 3265 387 3340 signum
404 3265 538 3343 receptui
561 3272 703 3343 coeperat
726 3263 807 3339 dare,
832 3265 898 3341 quia
915 3281 953 3323 ex
970 3263 1129 3340 remigibus

87 3348 241 3425 quemdam
263 3356 470 3407 sternutantem
492 3348 639 3424 audierat,
661 3347 792 3424 Miraris,
815 3347 917 3426 inquit,
939 3365 976 3406 ex
996 3356 1038 3407 tot
1056 3346 1127 3405 mih'-

86 3430 139 3492 bus
165 3450 251 3491 unum
273 3428 467 3511 perfrixisse?
