2438 3848
119 177 160 237 94
456 190 531 240 SEX.
552 191 641 242 IULII
662 191 831 242 ultonem

119 344 288 423 gistratibus
311 343 501 421 Ennensium,
531 345 610 424 quod
638 356 795 425 suspectos
819 362 872 406 eos
894 355 1039 426 tamquam
1059 351 1162 411 mansi·

119 432 229 490 tionem
257 429 293 489 ad
321 428 449 489 Poenum
470 438 607 508 pararent
632 429 776 505 habebat,
809 431 882 509 petit
902 432 986 490 unius
1008 436 1106 494 noctis
1127 435 1163 494 ad

118 513 361 574 deliberationem
383 514 521 591 spatium;
546 512 731 592 iudicatoque
752 513 890 574 militibus
913 513 1014 574 fraude
1034 515 1164 577 Graeco·

119 616 199 673 rum,
218 615 281 657 cum
300 597 515 675 praecepisset,
536 605 567 655 ut
586 599 679 675 parati
702 606 821 675 postera
836 597 884 656 die
906 599 1019 676 signum
1038 619 1163 680 exspec-

119 690 230 756 tarent,
254 682 345 758 prima
370 679 437 739 luce
459 678 666 739 adsistentibus
691 679 907 757 magistratibus
929 682 1106 743 redditurum
1130 703 1163 745 se

120 765 221 825 claves
243 764 330 837 dixit,
353 762 378 823 si
400 763 477 823 idem
499 781 601 823 omnes
619 763 774 824 Ennenses
791 765 984 824 censuissent.
1031 765 1075 827 Ob
1100 786 1164 827 eam

121 865 238 908 causam
259 847 395 906 uniuersa
423 846 602 907 multitudine
626 856 788 908 convocata
816 848 845 906 in
865 849 1008 909 theatrum
1031 861 1060 911 et
1087 853 1165 913 idem

120 931 285 1008 flagitante,
307 928 459 990 manifesta
478 931 634 992 deficiendi
648 932 814 1008 voluntate,
835 932 921 1010 signo
939 933 1077 995 militibus
1098 937 1165 996 dato

121 1016 275 1074 universos
290 1013 443 1074 Ennenses
462 1015 579 1074 cecidit.

206 1113 257 1174 23.
301 1113 462 1194 Iphicrates
492 1115 550 1174 dux
576 1114 796 1174 Atheniensium
819 1115 945 1175 classem
967 1133 1047 1176 suam
1066 1117 1167 1177 hostili

122 1198 220 1258 habitu
241 1200 391 1274 instruxit,
414 1208 443 1258 et
465 1197 501 1259 ad
524 1214 577 1257 eos
599 1215 673 1276 quos
695 1208 851 1277 suspectos
874 1199 1001 1259 habebat
1019 1202 1164 1277 invectus,

123 1300 187 1342 cum
210 1282 303 1341 effuso
333 1284 428 1343 studio
462 1283 666 1361 exciperetur,
695 1282 880 1362 deprehensa
910 1299 1011 1342 eorum
1042 1283 1166 1363 pertidia

122 1367 260 1445 oppidum
283 1366 410 1445 diripuit.

208 1465 258 1524 24.
303 1465 347 1525 Ti.
370 1464 535 1542 Gracchus,
552 1483 615 1525 cum
634 1467 776 1527 edixisset
792 1468 918 1529 futurum
932 1478 964 1529 ut
979 1486 1018 1527 ex
1028 1468 1168 1528 volonum

123 1566 243 1609 numero
263 1548 388 1608 fortibus
407 1548 572 1609 libertatern
588 1550 688 1626 daret,
708 1552 831 1628 ignavos
853 1552 988 1612 cmcibus
1011 1552 1166 1630 adfigeret,

125 1640 305 1710 etquattuor
326 1632 404 1692 milia
421 1650 458 1691 ex
476 1632 539 1709 his,
561 1635 610 1712 qui
625 1636 744 1712 segnius
759 1646 980 1715 pugnaverant,
999 1645 1079 1695 metu
1095 1653 1167 1715 poe·

124 1735 180 1778 nae
202 1718 230 1775 in
255 1715 406 1794 quemdam
434 1718 570 1776 munitum
590 1718 696 1778 collem
719 1720 864 1796 coissent,
893 1721 970 1779 misit
992 1719 1104 1796 quiuis
1127 1719 1168 1780 di·

127 1808 244 1875 cerent,
273 1808 362 1859 totum
391 1800 446 1860 sibi
475 1803 634 1862 exercitum
661 1802 798 1862 volonum
827 1804 935 1863 vicisse
956 1802 1049 1863 videri
1057 1849 1066 1879 ,
1090 1805 1170 1882 quod

126 1885 228 1944 hostes
251 1883 410 1962 fugissent;
435 1893 465 1945 et
486 1887 529 1946 sic
549 1903 602 1946 eos
625 1895 656 1946 et
677 1903 730 1947 sua
751 1887 809 1949 lide
830 1897 859 1948 et
874 1889 1004 1967 ipsorum
1019 1897 1097 1947 metu
1118 1907 1169 1947 ex·

126 1968 239 2029 solutos
261 1970 385 2047 recepit.

213 2071 263 2131 25.
305 2068 447 2130 hannibal
471 2079 538 2149 post
564 2069 723 2148 proelium,
747 2088 804 2150 quo
828 2072 976 2149 ingentem
998 2072 1112 2132 cladem
1135 2072 1170 2132 ad

52 2186 59 2198 ι
128 2154 326 2215 Trasimenum
359 2153 481 2213 Romani
512 2163 713 2232 acceperunt,
747 2172 811 2213 cum
846 2174 902 2231 sex
934 2156 1011 2215 milia
1044 2155 1172 2215 hostium

127 2241 298 2317 interposita
314 2239 450 2316 pactione
464 2239 492 2295 in
507 2239 682 2316 potestatem
705 2255 785 2297 suam
808 2239 988 2316 redegisset,
1006 2241 1105 2299 socios
1117 2239 1171 2299 La·

128 2323 179 2381 tini
196 2323 317 2380 nominis
331 2320 456 2396 benigne
469 2323 497 2378 in
513 2322 645 2381 civitates
660 2340 727 2381 suas
743 2322 865 2397 dimisit,
878 2323 1058 2383 dictitans'se
1069 2323 1172 2383 ltaliae

128 2404 297 2465 liberandae
319 2421 407 2463 causa
429 2403 539 2463 bellum
554 2423 680 2480 gerere;
705 2423 865 2485 eorumque
881 2423 973 2485 opera
988 2407 1101 2486 aliquot
1118 2425 1172 2486 po·

129 2489 216 2567 pulos
238 2490 267 2547 in
287 2487 461 2547 deditionem
485 2490 611 2566 accepit.

216 2586 267 2648 26.
312 2584 419 2663 blago,
451 2604 514 2646 cum
540 2586 626 2646 hocri
655 2585 860 2649 obsiderentur
887 2609 904 2650 a
937 2588 1039 2650 Cincio
1069 2590 1174 2650 classis

132 2682 250 2732 nostrae
273 2670 442 2751 praelecto,
467 2670 577 2731 diffudit
600 2671 636 2731 ad
653 2669 782 2732 Romana
799 2682 895 2735 castra
913 2691 1076 2750 rumorem,
1098 2672 1173 2734 Han-

131 2757 258 2816 nibalem
283 2772 372 2815 caeso
393 2753 537 2816 blarcello
563 2755 599 2814 ad
627 2755 796 2816 liberandos
819 2757 972 2819 obsidione
990 2757 1102 2819 Locros
1124 2777 1174 2817 ve·

132 2843 228 2900 nisse:
253 2840 327 2900 clam
346 2838 451 2899 deinde
473 2840 588 2919 equites
610 2841 733 2899 emissos
756 2841 839 2901 iussit
856 2860 873 2902 a
893 2842 1056 2918 montibus,
1076 2843 1125 2920 qui
1147 2843 1176 2901 in

135 2934 296 3002 conspectu
317 2932 416 2998 erant,
437 2941 471 2982 se
492 2923 665 2992 ostendere;
690 2940 748 3001 quo
769 2923 848 2984 iacto
865 2925 981 3003 effecit,
1006 2935 1035 2999 ut
1057 2924 1177 2987 Cincius

132 3007 321 3067 Hannibalem
342 3006 448 3066 adesse
471 3016 550 3067 ratus
573 3008 786 3068 conscenderet
804 3027 894 3069 naues
916 3028 951 3069 ac
973 3009 1102 3087 fugeret.

220 3106 272 3166 27.
317 3106 416 3184 Scipio
437 3107 617 3168 Aemilianus
638 3108 675 3169 ad
695 3108 876 3170 Numantiam
892 3109 1023 3170 omnihus
1046 3127 1105 3170 non
1127 3128 1176 3170 co·

134 3189 267 3251 hortibus
294 3198 402 3250 tantum
424 3193 478 3253 sed
502 3200 532 3252 et
553 3193 690 3252 centuriis
710 3193 878 3271 sagittarios
900 3204 930 3257 et
950 3193 1113 3254 lunditores
1136 3196 1177 3254 in·

134 3274 288 3352 terposuit.

221 3355 271 3418 28.
307 3358 464 3437 Pelopidas
476 3358 642 3435 Thebanus,
655 3371 750 3420 cuma
762 3360 914 3420 Thessalis
925 3360 954 3421 in
964 3361 1064 3439 fugam
1074 3380 1178 3421 versus

137 3443 259 3520 llumeu,
283 3445 312 3503 in
336 3460 393 3524 quo
416 3443 626 3503 tumultuarium
649 3444 762 3506 lecerat
783 3453 917 3524 pontem,
941 3444 1119 3523 liberasset,
1140 3464 1177 3506 ne
