2438 3848
122 192 163 253 84
307 252 310 257 ,
453 202 529 251 anx.
552 201 640 249 nunu
663 200 834 249 nnonnnm

120 358 214 417 iussit.
260 356 330 415 Post
354 355 430 415 baec
456 354 626 415 seditiosam
661 354 810 431 legionem
835 357 975 416 inermem
1001 358 1172 434 procedere

121 441 352 518 discinctamque
373 440 402 497 in
426 448 588 516 conspectu
605 441 705 498 armati
721 440 869 498 exercitus
891 448 1048 499 stramenta
1071 443 1173 517 coegit

121 541 244 599 secare,
267 533 390 601 postero
413 532 509 582 autern
531 523 579 583 die
603 523 735 582 similiter
755 523 865 582 fossam
879 523 1039 583 discinctos
1061 524 1170 584 milites

119 609 239 682 facere,
262 608 407 683 nullisque
421 605 560 684 precibus
572 606 698 682 legionis
716 608 866 684 impetrari
885 606 922 666 ab
938 623 975 667 eo
997 609 1110 685 potuit,
1132 626 1169 687 ne

120 692 205 767 signa
232 691 295 750 eius
322 690 505 750 submitteret
526 707 691 767 nomenque
714 689 866 764 aboleret,
893 690 1001 751 milites
1025 694 1169 751 antemio

120 774 354 852 supplementum
377 783 541 832 ceterarum
562 774 710 850 legionum
729 772 926 832 distribueret

206 858 257 917 44.
302 857 339 929 Q.
369 854 491 932 Fulvio,
519 855 619 935 Appio
646 854 770 917 Claudio
791 857 979 934 consulibus,
1009 876 1168 936 expugna

122 923 300 1000 Cannensi
292 960 321 999 m
343 940 472 1001 Siciliam
489 939 526 1001 ab
549 950 653 1001 senatu
671 940 797 1017 relegati
812 941 1036 1028 postulaverunt
1057 959 1074 1002 a
1098 959 1167 1002 cou-

120 1023 246 1084 sulell.
270 1023 430 1100 blancello,
461 1033 490 1084 ut
516 1025 546 1083 in
567 1025 710 1102 proelium
733 1025 918 1086 ducerentur.
961 1010 1018 1085 llle
1035 1035 1167 1085 senatum

121 1108 282 1168 consuluit:
312 1117 431 1168 senatus
459 1110 578 1184 negavit
599 1108 656 1169 sibi
678 1108 799 1187 placere
822 1109 961 1168 committi
981 1109 1026 1168 his
1048 1127 1165 1188 rempu-

119 1190 245 1266 blicam,
274 1209 359 1270 quam
387 1192 600 1260 deseruisscut;
629 1191 772 1252 Marcello
792 1201 888 1252 tamen
911 1193 1043 1271 permisit
1062 1192 1165 1253 facere

120 1277 198 1354 quod
218 1277 384 1350 videretur,
413 1276 481 1336 dum
506 1294 542 1334 ne
572 1277 636 1353 quis
666 1293 766 1335 eorum
789 1294 908 1336 munere
930 1286 1066 1352 vacaret,
1089 1295 1165 1336 nere

118 1359 292 1434 donaretur,
316 1376 391 1418 neve
406 1358 486 1437 qnod
504 1361 663 1437 praemium
678 1359 787 1436 ferret,
810 1378 869 1420 neu
883 1362 912 1420 iu
929 1358 1040 1420 ltaliam
1060 1378 1164 1439 repor-

119 1450 246 1518 taretur,
267 1442 333 1502 dum
356 1442 446 1501 Poeni
469 1444 497 1500 in
518 1460 555 1501 ea
571 1453 680 1502 essent.

203 1528 255 1586 45.
292 1525 331 1585 bl.
347 1525 494 1584 Salinator
510 1526 673 1586 consularis
684 1526 834 1587 damnatus
852 1535 898 1587 est
912 1544 929 1588 4
945 1526 1072 1606 populo,
1086 1527 1165 1606 quod

21 1686 35 1697 Ι,
118 1610 257 1687 praedam
280 1626 338 1667 nou
359 1608 523 1686 aequaliter
546 1609 684 1670 diviserat
705 1611 853 1671 militibus.

204 1693 255 1752 46.
301 1688 374 1750 Cum
399 1709 416 1752 a
436 1689 620 1767 Liguribus
611 1712 641 1752 ι4
663 1695 777 1772 proelio
801 1694 839 1768 Q.
862 1692 981 1754 Petilius
997 1693 1130 1753 consul
1121 1713 1163 1752 m-

118 1773 261 1834 terlectos
283 1784 381 1851 esset,
405 1772 539 1835 decrevit
559 1786 694 1854 senatus,
717 1787 748 1838 ut
770 1797 806 1838 ea
828 1779 926 1855 legio,
945 1778 976 1836 in
993 1779 1075 1836 cuius
1098 1779 1163 1837 acie

119 1857 223 1917 consul
249 1869 311 1920 erat
335 1853 470 1935 occisus,
499 1868 561 1920 tota
588 1861 757 1940 infrequens
782 1862 961 1938 referretur,
985 1861 1163 1940 stipendium

86 1997 89 2005 .
118 1959 241 2002 aunuum
261 1945 288 2004 ei
308 1961 366 2004 uon
387 1943 505 2005 daretur
527 1962 655 2024 aeraque
672 1945 919 2006 rescinderentur.

526 2109 678 2187 44444
707 2110 750 2172 ιι.

395 2243 443 2288 ΒΕ
467 2240 626 2288 EFFEOTU
648 2240 883 2290 miserrumam

204 2365 232 2420 1.
277 2360 357 2421 Bruti
385 2371 415 2421 et
435 2359 529 2422 Cassii
556 2362 721 2437 exercitus,
751 2361 909 2421 memoriae
931 2360 1076 2438 proditum
1103 2370 1160 2437 est,

116 2444 199 2504 bello
221 2444 299 2503 civili
323 2462 387 2503 cum
409 2462 464 2504 uua
492 2463 546 2522 per
567 2443 769 2505 Macedoniarn
790 2447 846 2504 iter
867 2444 999 2504 iacerent
1018 2445 1160 2524 priorque

115 2527 220 2587 Brutus
248 2526 285 2587 ad
312 2527 447 2602 lluviurn,
472 2530 582 2607 inquo
611 2539 730 2606 pontem
755 2529 834 2605 iungi
856 2527 1029 2607 oportebat,
1053 2546 1160 2606 perve-

115 2613 224 2685 nisset,
255 2608 349 2670 Cassii
376 2620 472 2671 tamen
499 2612 660 2671 exercitum
686 2623 715 2672 ct
738 2614 767 2671 in
789 2611 944 2672 eilioieudo
967 2620 1057 2690 ponte
1079 2620 1110 2672 et
1131 2613 1161 2671 in

114 2695 235 2754 transitu
256 2694 425 2754 maturando
447 2697 660 2774 praecessisse.
707 2695 763 2770 Qui
784 2698 871 2773 vigor
891 2695 1064 2773 discipliuae
1087 2696 1159 2756 elle·

115 2779 178 2861 clt
194 2786 225 2836 ut
243 2793 303 2837 uon
319 2779 444 2838 441444
436 2797 464 2838 ru
483 2777 622 2857 operibns
643 2798 745 2841 verum
764 2789 794 2840 et
813 2781 843 2839 in
856 2797 966 2840 summa
985 2778 1057 2839 belli
1073 2797 1159 2858 prae·

92 2869 226 2922 ‚starent
245 2858 377 2921 Cassiani
398 2862 561 2934 Brutianos.

199 2942 309 3004 2.,0
323 2944 457 3022 illarius,
478 2965 542 3006 cum
565 2946 733 3006 facultatem
756 2945 884 3022 eligendi
905 2948 1052 3007 exercitus
1068 2946 1158 3007 habe·

113 3038 175 3103 ret,
199 3045 238 3087 ex
260 3029 391 3127 duobus,
415 3049 464 3107 qur
456 3031 532 3091 sub
547 3029 655 3089 Rutilio
674 3038 703 3088 et
719 3030 768 3107 qui
785 3029 838 3089 sub
851 3029 972 3090 Metello
995 3048 1031 3090 ac
1053 3040 1159 3110 postea

113 3109 169 3209 sub
197 3129 231 3170 se
258 3113 324 3190 ipso
349 3124 531 3189 meruerant,
560 3113 751 3188 batilianum,
777 3112 917 3174 minorem
938 3113 1074 3257 quidem,
1105 3115 1159 3175 sed

199 3279 227 3340 3.
270 3279 413 3343 Domitius
436 3280 566 3342 Corbulo
591 3280 701 3342 duabus
725 3281 890 3358 legionibus
913 3291 943 3341 et
972 3284 1157 3361 paucissimis

113 3363 247 3441 auxiliis,
264 3364 417 3444 disciplina
436 3375 588 3438 correcta,
604 3365 727 3425 Parthos
743 3366 887 3425 sustinuit.

198 3449 227 3508 4.
273 3449 443 3519 Alexander
470 3445 593 3508 Macedo
632 3449 822 3526 quadraginta
854 3447 969 3509 milibus
998 3449 1156 3527 hominum,
