2438 3848
260 171 601 221 sunsrnonunrrccn
623 172 693 219 nra.
716 172 762 219 rv.
787 171 863 240 cur.
887 174 919 219 v.
1073 158 1114 221 89

159 328 208 388 10.
253 326 332 387 ldem
355 325 426 386 iecit
451 325 506 386 sub
534 325 625 385 Atilio
652 322 785 385 Calatino
813 328 935 387 consule
961 329 1002 404 is,
1033 329 1117 391 cuius

68 413 151 472 varie
166 411 461 479 tradunturnomina:
487 410 535 469 alii
553 408 721 484 Laberium,
739 411 867 470 nonnulli
887 410 923 484 Q.
941 410 1114 486 Caeditium,

70 497 187 575 plurimi
202 492 388 573 Calpurnium
404 493 561 554 Flammam
572 494 730 553 vocitatum
744 496 933 576 scripserunt.
978 496 1032 556 llic
1050 516 1114 558 cum

70 580 228 639 demissum
242 580 270 637 in
287 595 350 638 eam
360 577 466 637 vallem
482 576 597 637 videret
612 579 792 653 exercitum,
808 579 890 638 cuius
906 579 999 640 latera
1018 582 1115 642 onmia

70 681 147 741 quae
170 664 322 740 superiora
346 669 428 721 erant
444 661 725 738 hostisinsederat,
747 662 924 740 depoposcit
946 673 977 722 et
996 667 1115 744 accepit
1183 689 1187 697 ·

70 747 109 807 ab
136 744 258 806 consule
285 747 443 831 trecentos
459 745 586 804 milites:
609 761 683 823 quos
705 745 847 821 hortatus,
874 755 904 806 ut
926 748 1032 808 vincte
1061 767 1114 810 sua

70 832 232 890 exercitum
253 838 419 904 servarent,
450 832 478 889 iu
500 830 623 889 mediam
646 829 752 888 vallem
775 830 949 892 decucurrit.
991 831 1039 892 Ad
1061 833 1117 893 ob·.

68 913 239 993 primendos
263 930 316 972 eos
339 913 465 990 undique
487 912 640 973 descendit
661 911 769 980 hostis;
792 914 941 993 longoque
965 925 995 976 et
1006 934 1114 997 aspero

69 997 186 1077 proelio
214 1006 346 1056 retentus
371 998 559 1057 occasionem
582 995 694 1056 consuli
717 997 753 1057 ad
776 999 983 1059 extrahendum
1000 1003 1115 1061 exerui*

68 1091 127 1141 tum
150 1081 238 1141 dedic
521 1096 527 1107 ·
701 1091 702 1094 ’

158 1167 209 1224 11.
254 1163 287 1223 C.
311 1161 439 1238 Caesar,
463 1163 604 1223 adversus
627 1162 787 1224 Germanos
808 1172 837 1223 et
862 1164 1040 1225 Ariovistum
1062 1184 1114 1243 pu-

70 1257 228 1326 gnaturus,
250 1248 378 1309 contusis
399 1264 515 1307 suorum
536 1248 636 1306 animis
656 1264 710 1325 pro
734 1248 877 1307 concione
898 1247 985 1323 dixit,
1007 1248 1114 1308 nullius

70 1352 103 1392 se
133 1349 170 1391 eo
198 1332 245 1391 die
271 1350 363 1410 opera
386 1332 440 1390 nisi
458 1331 588 1399 decimae
609 1331 733 1407 legionis
756 1348 889 1390 usurum:
912 1348 969 1411 quo
990 1333 1114 1393 adsecu-

69 1426 115 1476 tus
136 1424 199 1491 est,
220 1425 251 1475 ut
272 1425 302 1475 et
320 1415 462 1474 decimani
483 1423 627 1494 tamquam
643 1417 821 1494 praecipuae
836 1415 1011 1476 fortitudinis
1032 1417 1112 1475 testi·

68 1501 167 1559 monio
184 1501 414 1576 concitarentur,
439 1508 469 1558 et
490 1500 582 1559 ceteri
604 1500 734 1578 pudore,
758 1518 795 1559 ne
815 1517 909 1579 penes
924 1499 997 1560 alios
1016 1500 1112 1577 gloria

70 1585 187 1644 virtutis
204 1586 294 1644 esset.
860 1600 862 1604 ’
995 1643 997 1647 ,

159 1666 207 1726 12.
243 1664 493 1727 Lacedaemonius
509 1666 624 1744 quidam
634 1667 758 1744 nobilis,
774 1667 909 1746 Philippo
926 1668 1112 1727 denuntiante

70 1750 167 1810 multis
184 1769 216 1809 se
233 1750 459 1829 prohibiturum,
474 1751 529 1809 nisi
548 1752 649 1810 civitas
672 1752 728 1811 sibi
747 1752 882 1826 daretur,
904 1751 989 1827 Num,
1008 1753 1111 1830 inquit,

70 1844 101 1894 et
119 1850 174 1913 pro
198 1836 291 1913 patria
313 1836 385 1893 mori
407 1850 462 1893 nos
485 1831 676 1911 prohibebit?

156 1916 206 1978 13.
245 1917 390 1978 Leonidas
419 1917 683 1992 Lacedaemonius,
713 1933 778 1974 curn
810 1915 977 1976 dicerentur
1001 1917 1112 1979 Persae

69 2002 240 2079 sagittarum
256 2001 434 2060 multitudine
450 1998 542 2059 nubes
561 2017 629 2059 esse
650 1999 770 2074 facturi,
794 1999 886 2059 fertur
901 2000 1028 2060 dixisse:
1050 2000 1111 2060 hle·

69 2086 127 2145 lius
148 2085 296 2145 inumbra
318 2082 576 2161 propugnabimus.
648 2088 650 2093 “

156 2170 206 2228 14.
250 2167 282 2226 h.
297 2165 401 2229 delius
413 2175 533 2245 praetor
544 2164 688 2240 urbanus,
712 2181 777 2224 cum
795 2164 822 2224 ei
839 2165 884 2224 ius
902 2164 1009 2226 dicenti
1027 2166 1113 2242 picus

67 2254 215 2330 incapite
238 2250 395 2309 insedisset
417 2259 448 2309 et
468 2249 640 2327 haruspices
655 2247 893 2326 respondissent,
917 2250 1034 2310 dimissa
1056 2266 1111 2308 ave

67 2336 195 2396 bostium
219 2335 368 2394 victoriam
394 2334 478 2409 iore,
507 2341 612 2394 necata
639 2331 779 2411 populum
797 2332 956 2394 Romanum
978 2333 1111 2413 superio·

67 2438 148 2495 rem,
176 2419 340 2479 othelium
368 2437 432 2478 cum
460 2417 567 2478 familia
592 2419 767 2495 periturum,
797 2436 880 2479 avem
902 2419 1025 2479 occidit:
1055 2436 1112 2497 qua

69 2504 186 2577 occisa,
210 2521 269 2562 non
291 2502 430 2563 dubitavit
444 2503 516 2564 dare
535 2518 677 2580 poenam;
699 2520 763 2562 nam
780 2504 911 2564 exercitu
927 2511 1029 2573 nostro
1049 2503 1110 2561 vin·

69 2595 156 2646 cente
172 2587 236 2664 ipse
253 2605 317 2646 cum
333 2587 563 2665 quattuordecim
576 2585 669 2646 Aeliis
686 2604 724 2646 ex
739 2587 840 2647 eadem
856 2587 964 2647 familia
979 2587 1008 2645 in
1023 2603 1111 2664 proe-

67 2671 109 2731 lio
127 2680 172 2730 est
195 2671 321 2729 occisus.
365 2670 447 2729 Hunc
462 2671 576 2748 quidam
593 2687 651 2728 non
665 2668 780 2728 Aelium
796 2671 849 2730 sed
863 2670 992 2729 Laelium
1007 2669 1110 2743 fuisse,

69 2763 99 2814 ct
120 2752 238 2813 Laelios
261 2769 319 2812 nun
340 2753 444 2814 helios
466 2755 591 2832 periisse
614 2752 744 2815 credunt.

157 2838 208 2896 15.
248 2836 278 2895 P.
302 2835 403 2904 Decii,
428 2839 520 2906 primo
543 2840 628 2904 pater
646 2831 752 2901 postea
773 2821 868 2897 lilius,
891 2821 918 2880 in
941 2822 1110 2898 magistratu

69 2934 103 2976 se
133 2930 187 2992 pro
214 2910 365 2990 republica
393 2910 591 2982 devoverunt,
622 2905 813 2982 admissisque
841 2907 869 2963 in
890 2905 1004 2964 hostem
1026 2907 1110 2974 cuuis

69 2999 169 3076 adepti
193 3003 316 3055 mortem
336 2991 487 3052 victoriam
505 2991 616 3066 patriae
635 2987 827 3047 contulerunt.
986 3063 992 3076 ι
1083 3063 1090 3077 ⁶

157 3080 205 3139 16.
247 3077 280 3135 P.
304 3073 446 3146 Crassus,
475 3088 539 3130 cum
565 3069 675 3129 bellum
703 3069 844 3127 adversus
862 3064 1060 3133 Aristonicum
1082 3080 1111 3121 m

70 3165 141 3223 Asia
164 3177 274 3238 gerens
291 3159 365 3216 inter
382 3154 502 3214 Elaeam
521 3162 549 3213 et
570 3153 710 3227 Myrinam
731 3152 760 3208 in
775 3149 900 3208 hostium
917 3148 1018 3225 copias
1039 3146 1109 3206 inci·
1196 3222 1199 3229 ι

69 3249 162 3308 disset
188 3247 330 3321 vivusque
352 3239 564 3312 abduceretur,
594 3242 765 3296 exsecratus
786 3234 814 3292 in
836 3231 957 3292 consule
979 3230 1110 3290 Romano

71 3329 286 3408 captivitatem,
301 3328 395 3402 virga,
413 3339 467 3400 qua
480 3320 516 3381 ad
532 3336 637 3398 equum
650 3317 808 3394 regendum
820 3325 883 3378 erat
896 3333 977 3390 usus,
994 3313 1110 3388 Thraci,

71 3433 87 3475 a
114 3429 172 3494 quo
202 3409 371 3487 tenebatur,
401 3404 516 3468 oculum
543 3405 635 3481 eruit,
664 3411 751 3481 atquc
780 3401 816 3462 ab
843 3417 880 3462 eo
902 3417 957 3478 per
979 3396 1112 3457 dolorem
