2438 3848
381 587 486 701 lul
516 585 633 702 llllll
663 579 890 698 tulllltt

55 843 61 851 ’
144 907 336 1000 lauru
374 904 679 990 nunninus
717 900 896 987 uanis
939 898 1135 981 norrun

554 1075 717 1137 LIBER.

751 1289 766 1337 l

209 1368 237 1426 1.
282 1364 353 1424 Cum
374 1366 465 1424 omnis
487 1382 536 1424 res
559 1363 594 1423 ab
617 1363 797 1442 Imperatore
822 1360 959 1436 delegata
979 1360 1166 1419 intentiorem

122 1453 221 1526 exigat
253 1466 366 1515 curam;
395 1457 423 1508 et
450 1466 496 1507 me
518 1466 571 1507 seu
594 1447 732 1522 naturalis
755 1445 921 1505 sollicitudo
946 1463 999 1503 seu
1021 1443 1096 1503 lides
1119 1461 1165 1501 se·

121 1536 189 1594 dula
219 1550 277 1592 non
305 1533 341 1592 ad
369 1532 548 1607 diligentiam
576 1532 679 1607 modo,
707 1549 807 1591 verum
836 1526 1023 1590 ad'amorem
1046 1545 1166 1605 quoque

123 1618 295 1678 commissae
315 1617 359 1675 rei
381 1617 529 1691 instigent;
552 1617 647 1694 sitque
668 1633 743 1674 nuno
761 1614 829 1674 milri
851 1614 888 1673 ab
903 1612 1001 1672 Nerva
1019 1613 1166 1688 Augusto,

122 1703 225 1762 nescio
238 1700 423 1778 diligentiore
441 1717 477 1758 an
489 1702 646 1760 amantiora
665 1701 709 1759 rei
721 1698 857 1777 publicae
870 1696 1063 1775 Imperatore,
1079 1714 1167 1773 aqua·

123 1805 185 1846 rum
212 1786 367 1844 iniunctum
389 1782 533 1860 officium,
562 1792 621 1843 turn
651 1784 687 1843 ad
715 1801 796 1843 usum
822 1791 881 1840 tum
908 1782 944 1840 ad
968 1779 1167 1840 salubritatem

123 1880 210 1949 atque
232 1869 371 1930 etiamad
390 1869 576 1930 securitatem
594 1868 676 1927 urbis
693 1868 854 1947 pertinens,
872 1866 1096 1925 administratum
1114 1883 1169 1942 per

123 1957 273 2035 principes
295 1971 413 2032 semper
436 1955 560 2013 civitatis
582 1960 701 2012 nostrae
725 1953 821 2011 cives:
851 1951 972 2028 primum
994 1967 1029 2008 ac
1051 1950 1168 2028 potissi·

123 2057 200 2099 mum
225 2038 377 2113 existimo,
407 2039 483 2096 siout
509 2039 538 2096 in
566 2039 674 2096 ceteris
700 2036 829 2111 negotiis
851 2035 1048 2109 institueram,
1079 2051 1169 2092 nosse

126 2123 205 2200 quod
233 2124 362 2199 suscepi.
408 2120 471 2198 (2.)
493 2119 598 2201 Neque
629 2122 705 2180 euim
725 2119 813 2179 ullum
837 2120 929 2178 omnis
956 2127 1037 2178 actus
1060 2119 1170 2177 certius

125 2206 341 2266 fundamentum
361 2203 547 2274 crediderim;
577 2214 624 2265 aut
646 2204 749 2280 aliter,
778 2219 852 2280 quae
879 2203 1012 2262 iacienda
1034 2219 1170 2279 quaeque

126 2288 243 2347 vitanda
270 2288 343 2362 sint,
372 2304 462 2364 posse
492 2288 626 2356 decerni;
655 2289 771 2349 aliudve
792 2296 850 2346 tarn
871 2287 1040 2347 indecorum
1062 2285 1170 2345 tolera·

126 2371 179 2431 bili
198 2371 279 2446 viro,
301 2387 386 2448 quam
404 2370 571 2446 delegatum
589 2373 716 2432 cilicium
739 2390 777 2431 ex
797 2371 957 2431 adiutorum
973 2388 1065 2449 agere
1086 2387 1170 2447 prae·

129 2455 239 2533 ceptis:
263 2454 342 2532 quod
364 2454 427 2513 lieri
446 2472 572 2514 necesse
594 2467 656 2533 est,
684 2457 820 2534 quotiens
841 2457 984 2533 imperitia
1007 2455 1173 2532 praecessit

129 2541 204 2615 eius,
216 2538 253 2600 ad
270 2539 351 2598 ouius
367 2537 473 2598 crebro
488 2537 651 2600 decurritur
663 2560 759 2600 usum:
778 2556 898 2617 quorum
915 2541 969 2599 etsi
985 2539 1172 2598 necessariae

130 2633 230 2704 partes
252 2633 316 2683 sunt
337 2623 374 2683 ad
394 2624 598 2699 ministerium,
622 2633 718 2686 tamen
740 2625 796 2684 sint
816 2641 874 2683 uon
894 2625 950 2683 nisi
966 2641 1068 2683 manus
1083 2639 1171 2701 quae·

130 2709 245 2768 damet
267 2708 484 2768 instrumentum
506 2710 628 2787 agentis.
673 2708 863 2787 Quapropter
882 2726 935 2783 ea,
959 2724 1034 2785 quae
1053 2709 1089 2767 ad
1112 2709 1172 2767 uni-

129 2809 246 2852 versam
260 2810 323 2852 rem
341 2795 516 2872 pertinentia
538 2793 711 2853 contrahere
727 2795 824 2871 potui,
846 2793 997 2851 morsiam
1017 2810 1071 2870 per
1086 2791 1174 2850 multa

130 2876 199 2935 milri
228 2875 326 2935 officia
351 2885 469 2936 servato
499 2876 527 2935 in
549 2877 680 2936 ordinem
702 2886 731 2936 et
756 2876 870 2936 velut
862 2895 890 2936 ιιι
913 2893 1021 2953 corpus
1045 2876 1173 2949 diducta,

131 2961 160 3018 iu
183 2959 258 3017 lrunc
277 2952 511 3019 commentarium
526 2961 650 3036 contuli,
674 2979 760 3039 quern
780 2977 834 3040 pro
850 2961 974 3020 formula
994 2959 1174 3019 administra·

131 3042 219 3100 tionis
245 3042 396 3119 respicere
424 3060 552 3122 possem.
598 3044 630 3104 ln
658 3045 723 3105 aliis
749 3053 845 3104 autern
875 3045 971 3120 libris,
1004 3061 1079 3122 quos
1107 3053 1175 3122 post

134 3124 334 3202 experimenta
364 3134 393 3185 et
416 3145 496 3186 usum
515 3129 683 3208 composui,
713 3129 931 3189 succedentium
952 3146 1001 3187 res
1025 3136 1090 3188 acta
1113 3137 1173 3187 est:

133 3209 221 3274 huius
241 3212 438 3270 commentarii
458 3211 593 3272 iortassis
616 3213 773 3291 pertinebit
795 3223 824 3273 et
846 3213 882 3273 ad
898 3230 1105 3272 successorem
1121 3213 1175 3271 uti·

136 3293 218 3360 litas;
245 3292 298 3353 sed
320 3312 384 3353 cunr
406 3296 481 3355 inter
502 3298 579 3356 initia
601 3297 854 3357 administrationis
870 3315 956 3358 meae
980 3298 1108 3375 scriptus
1129 3298 1175 3368 sit,

136 3379 165 3438 in
186 3377 286 3462 primis
313 3379 349 3438 ad
367 3396 460 3440 meam
480 3380 687 3441 institutionem
714 3382 905 3460 regulamque
922 3381 1067 3461 proliciet.
1113 3379 1176 3459 (3.)
