<?xml version="1.0" encoding="UTF-8"?>
<!DOCTYPE html PUBLIC "-//W3C//DTD XHTML 1.0 Transitional//EN"
    "http://www.w3.org/TR/xhtml1/DTD/xhtml1-transitional.dtd">
<html xmlns="http://www.w3.org/1999/xhtml" xml:lang="en" lang="en">
 <head>
  <title>
</title>
<meta http-equiv="Content-Type" content="text/html;charset=utf-8" />
  <meta name='ocr-system' content='tesseract 3.04.00' />
  <meta name='ocr-capabilities' content='ocr_page ocr_carea ocr_par ocr_line ocrx_word'/>
</head>
<body>
  <div class='ocr_page' id='page_1' title='image "./strategematicon00dedegoog_0059.png"; bbox 0 0 2438 3848; ppageno 0'>
   <div class='ocr_carea' id='block_1_1' title="bbox 104 180 817 241">
    <p class='ocr_par' dir='ltr' id='par_1_1' title="bbox 104 180 817 241">
     <span class='ocr_line' id='line_1_1' title="bbox 104 180 817 241; baseline -0.006 0"><span class='ocrx_word' id='word_1_1' title='bbox 104 180 144 241; x_wconf 81' lang='lat'><strong>36</strong></span> <span class='ocrx_word' id='word_1_2' title='bbox 440 191 515 240; x_wconf 81' lang='lat' dir='ltr'><strong>sax.</strong></span> <span class='ocrx_word' id='word_1_3' title='bbox 538 191 625 240; x_wconf 81' lang='lat' dir='ltr'><strong>ruurr</strong></span> <span class='ocrx_word' id='word_1_4' title='bbox 647 189 817 238; x_wconf 81' lang='lat' dir='ltr'><strong>ruourrur</strong></span> 
     </span>
    </p>
   </div>
   <div class='ocr_carea' id='block_1_2' title="bbox 103 342 1152 928">
    <p class='ocr_par' dir='ltr' id='par_1_2' title="bbox 103 342 1152 928">
     <span class='ocr_line' id='line_1_2' title="bbox 190 342 1151 421; baseline -0.003 -15"><span class='ocrx_word' id='word_1_5' title='bbox 190 347 240 408; x_wconf 83' lang='lat'><strong>20.</strong></span> <span class='ocrx_word' id='word_1_6' title='bbox 284 345 401 407; x_wconf 82' lang='lat' dir='ltr'>Paullus</span> <span class='ocrx_word' id='word_1_7' title='bbox 429 345 572 405; x_wconf 89' lang='lat' dir='ltr'><strong>adversus</strong></span> <span class='ocrx_word' id='word_1_8' title='bbox 590 344 702 404; x_wconf 84' lang='lat' dir='ltr'><strong>Perseo</strong></span> <span class='ocrx_word' id='word_1_9' title='bbox 722 342 914 404; x_wconf 81' lang='lat' dir='ltr'><strong>Macedonum</strong></span> <span class='ocrx_word' id='word_1_10' title='bbox 934 360 1057 421; x_wconf 86' lang='lat' dir='ltr'><strong>regem,</strong></span> <span class='ocrx_word' id='word_1_11' title='bbox 1086 362 1151 405; x_wconf 92' lang='lat' dir='ltr'><strong>cum</strong></span> 
     </span>
     <span class='ocr_line' id='line_1_3' title="bbox 103 428 1152 510; baseline -0.004 -18"><span class='ocrx_word' id='word_1_12' title='bbox 103 435 129 492; x_wconf 86' lang='lat' dir='ltr'><strong>is</strong></span> <span class='ocrx_word' id='word_1_13' title='bbox 153 432 327 510; x_wconf 80' lang='lat' dir='ltr'><strong>phalangem</strong></span> <span class='ocrx_word' id='word_1_14' title='bbox 353 446 470 489; x_wconf 92' lang='lat' dir='ltr'><strong>suorum</strong></span> <span class='ocrx_word' id='word_1_15' title='bbox 498 428 643 506; x_wconf 80' lang='lat' dir='ltr'>duplicem</span> <span class='ocrx_word' id='word_1_16' title='bbox 663 428 787 487; x_wconf 86' lang='lat' dir='ltr'><strong>mediam</strong></span> <span class='ocrx_word' id='word_1_17' title='bbox 809 429 837 488; x_wconf 90' lang='lat' dir='ltr'><strong>in</strong></span> <span class='ocrx_word' id='word_1_18' title='bbox 859 436 972 506; x_wconf 88' lang='lat' dir='ltr'><strong>partem</strong></span> <span class='ocrx_word' id='word_1_19' title='bbox 994 428 1152 489; x_wconf 78' lang='lat' dir='ltr'><strong>direxisset</strong></span> 
     </span>
     <span class='ocr_line' id='line_1_4' title="bbox 104 513 1150 594; baseline -0.006 -18"><span class='ocrx_word' id='word_1_20' title='bbox 104 533 228 594; x_wconf 88' lang='lat' dir='ltr'><strong>eamque</strong></span> <span class='ocrx_word' id='word_1_21' title='bbox 252 517 310 575; x_wconf 89' lang='lat' dir='ltr'><strong>levi</strong></span> <span class='ocrx_word' id='word_1_22' title='bbox 332 522 474 574; x_wconf 90' lang='lat' dir='ltr'><strong>armatura</strong></span> <span class='ocrx_word' id='word_1_23' title='bbox 497 513 638 573; x_wconf 75' lang='lat' dir='ltr'><strong>cinxisset</strong></span> <span class='ocrx_word' id='word_1_24' title='bbox 660 521 690 572; x_wconf 91' lang='lat' dir='ltr'><strong>et</strong></span> <span class='ocrx_word' id='word_1_25' title='bbox 711 513 838 591; x_wconf 82' lang='lat' dir='ltr'><strong>equitem</strong></span> <span class='ocrx_word' id='word_1_26' title='bbox 860 515 890 571; x_wconf 95' lang='lat' dir='ltr'><strong>in</strong></span> <span class='ocrx_word' id='word_1_27' title='bbox 911 520 1036 591; x_wconf 91' lang='lat' dir='ltr'><strong>utroque</strong></span> <span class='ocrx_word' id='word_1_28' title='bbox 1060 530 1150 572; x_wconf 91' lang='lat' dir='ltr'><strong>cornu</strong></span> 
     </span>
     <span class='ocr_line' id='line_1_5' title="bbox 105 596 1149 674; baseline -0.005 -14"><span class='ocrx_word' id='word_1_29' title='bbox 105 600 311 673; x_wconf 81' lang='lat' dir='ltr'><strong>conlocasset,</strong></span> <span class='ocrx_word' id='word_1_30' title='bbox 335 597 481 674; x_wconf 79' lang='lat' dir='ltr'><strong>triplicem</strong></span> <span class='ocrx_word' id='word_1_31' title='bbox 502 597 595 656; x_wconf 83' lang='lat' dir='ltr'><strong>aciem</strong></span> <span class='ocrx_word' id='word_1_32' title='bbox 618 596 718 656; x_wconf 90' lang='lat' dir='ltr'><strong>cuneis</strong></span> <span class='ocrx_word' id='word_1_33' title='bbox 737 597 888 669; x_wconf 81' lang='lat' dir='ltr'><strong>instruxit,</strong></span> <span class='ocrx_word' id='word_1_34' title='bbox 909 597 984 655; x_wconf 92' lang='lat' dir='ltr'><strong>inter</strong></span> <span class='ocrx_word' id='word_1_35' title='bbox 1003 612 1078 673; x_wconf 92' lang='lat' dir='ltr'><strong>quos</strong></span> <span class='ocrx_word' id='word_1_36' title='bbox 1099 615 1149 655; x_wconf 85' lang='lat' dir='ltr'><strong>rc·</strong></span> 
     </span>
     <span class='ocr_line' id='line_1_6' title="bbox 103 679 1149 758; baseline -0.006 -14"><span class='ocrx_word' id='word_1_37' title='bbox 103 685 171 744; x_wconf 91' lang='lat' dir='ltr'><strong>lites</strong></span> <span class='ocrx_word' id='word_1_38' title='bbox 195 683 316 743; x_wconf 86' lang='lat' dir='ltr'><strong>subinde</strong></span> <span class='ocrx_word' id='word_1_39' title='bbox 344 681 448 739; x_wconf 90' lang='lat' dir='ltr'><strong>emisit.</strong></span> <span class='ocrx_word' id='word_1_40' title='bbox 495 680 559 753; x_wconf 82' lang='lat' dir='ltr'><strong>Quo</strong></span> <span class='ocrx_word' id='word_1_41' title='bbox 580 697 691 757; x_wconf 87' lang='lat' dir='ltr'><strong>genere</strong></span> <span class='ocrx_word' id='word_1_42' title='bbox 713 697 777 738; x_wconf 91' lang='lat' dir='ltr'><strong>cum</strong></span> <span class='ocrx_word' id='word_1_43' title='bbox 800 679 950 758; x_wconf 90' lang='lat' dir='ltr'><strong>proiligari</strong></span> <span class='ocrx_word' id='word_1_44' title='bbox 975 679 1045 739; x_wconf 87' lang='lat' dir='ltr'><strong>nihil</strong></span> <span class='ocrx_word' id='word_1_45' title='bbox 1068 680 1149 740; x_wconf 84' lang='lat' dir='ltr'><strong>ride-</strong></span> 
     </span>
     <span class='ocr_line' id='line_1_7' title="bbox 103 763 1148 842; baseline -0.005 -15"><span class='ocrx_word' id='word_1_46' title='bbox 103 777 164 842; x_wconf 88' lang='lat' dir='ltr'><strong>ret,</strong></span> <span class='ocrx_word' id='word_1_47' title='bbox 188 767 297 827; x_wconf 90' lang='lat' dir='ltr'><strong>cedere</strong></span> <span class='ocrx_word' id='word_1_48' title='bbox 318 765 454 838; x_wconf 84' lang='lat' dir='ltr'><strong>instituit,</strong></span> <span class='ocrx_word' id='word_1_49' title='bbox 477 772 507 822; x_wconf 94' lang='lat' dir='ltr'><strong>ut</strong></span> <span class='ocrx_word' id='word_1_50' title='bbox 530 763 585 823; x_wconf 91' lang='lat' dir='ltr'><strong>bac</strong></span> <span class='ocrx_word' id='word_1_51' title='bbox 601 763 784 823; x_wconf 84' lang='lat' dir='ltr'><strong>simulatione</strong></span> <span class='ocrx_word' id='word_1_52' title='bbox 801 763 979 841; x_wconf 91' lang='lat' dir='ltr'><strong>perduceret</strong></span> <span class='ocrx_word' id='word_1_53' title='bbox 997 763 1099 823; x_wconf 90' lang='lat' dir='ltr'><strong>hostes</strong></span> <span class='ocrx_word' id='word_1_54' title='bbox 1121 765 1148 822; x_wconf 90' lang='lat' dir='ltr'><strong>in</strong></span> 
     </span>
     <span class='ocr_line' id='line_1_8' title="bbox 104 844 1148 928; baseline -0.004 -18"><span class='ocrx_word' id='word_1_55' title='bbox 104 850 281 928; x_wconf 86' lang='lat' dir='ltr'><strong>confragosa</strong></span> <span class='ocrx_word' id='word_1_56' title='bbox 296 848 378 922; x_wconf 90' lang='lat' dir='ltr'><strong>loca,</strong></span> <span class='ocrx_word' id='word_1_57' title='bbox 401 865 476 926; x_wconf 89' lang='lat' dir='ltr'><strong>quae</strong></span> <span class='ocrx_word' id='word_1_58' title='bbox 492 865 531 907; x_wconf 85' lang='lat' dir='ltr'><strong>ex</strong></span> <span class='ocrx_word' id='word_1_59' title='bbox 548 847 687 908; x_wconf 90' lang='lat' dir='ltr'><strong>industria</strong></span> <span class='ocrx_word' id='word_1_60' title='bbox 705 855 883 926; x_wconf 81' lang='lat' dir='ltr'><strong>captaverat.</strong></span> <span class='ocrx_word' id='word_1_61' title='bbox 930 844 1001 907; x_wconf 81' lang='lat' dir='ltr'><strong>Cum</strong></span> <span class='ocrx_word' id='word_1_62' title='bbox 1019 849 1062 908; x_wconf 91' lang='lat' dir='ltr'><strong>sic</strong></span> <span class='ocrx_word' id='word_1_63' title='bbox 1078 865 1148 926; x_wconf 93' lang='lat' dir='ltr'><strong>quo-</strong></span> 
     </span>
    </p>
   </div>
   <div class='ocr_carea' id='block_1_3' title="bbox 101 930 1149 1428">
    <p class='ocr_par' dir='ltr' id='par_1_3' title="bbox 101 930 1149 1341">
     <span class='ocr_line' id='line_1_9' title="bbox 104 930 1149 1013; baseline -0.003 -20"><span class='ocrx_word' id='word_1_64' title='bbox 104 953 179 1013; x_wconf 89' lang='lat' dir='ltr'><strong>que,</strong></span> <span class='ocrx_word' id='word_1_65' title='bbox 210 941 348 1013; x_wconf 89' lang='lat' dir='ltr'><strong>suspecta</strong></span> <span class='ocrx_word' id='word_1_66' title='bbox 381 931 540 992; x_wconf 89' lang='lat' dir='ltr'><strong>calliditate</strong></span> <span class='ocrx_word' id='word_1_67' title='bbox 572 930 788 1007; x_wconf 86' lang='lat' dir='ltr'><strong>recedentium,</strong></span> <span class='ocrx_word' id='word_1_68' title='bbox 819 931 950 991; x_wconf 88' lang='lat' dir='ltr'><strong>ordinata</strong></span> <span class='ocrx_word' id='word_1_69' title='bbox 974 940 1149 1009; x_wconf 89' lang='lat' dir='ltr'><strong>sequeretur</strong></span> 
     </span>
     <span class='ocr_line' id='line_1_10' title="bbox 102 1015 1149 1114; baseline -0.001 -39"><span class='ocrx_word' id='word_1_70' title='bbox 102 1017 246 1096; x_wconf 86' lang='lat' dir='ltr'><strong>phalanx,</strong></span> <span class='ocrx_word' id='word_1_71' title='bbox 269 1018 382 1095; x_wconf 86' lang='lat' dir='ltr'><strong>equites</strong></span> <span class='ocrx_word' id='word_1_72' title='bbox 404 1032 421 1074; x_wconf 92' lang='lat' dir='ltr'><strong>a</strong></span> <span class='ocrx_word' id='word_1_73' title='bbox 440 1015 556 1074; x_wconf 90' lang='lat' dir='ltr'><strong>sinistro</strong></span> <span class='ocrx_word' id='word_1_74' title='bbox 578 1032 669 1074; x_wconf 91' lang='lat' dir='ltr'><strong>cornu</strong></span> <span class='ocrx_word' id='word_1_75' title='bbox 690 1023 810 1092; x_wconf 89' lang='lat' dir='ltr'><strong>praeter</strong></span> <span class='ocrx_word' id='word_1_76' title='bbox 824 1031 875 1074; x_wconf 87' lang='lat' dir='ltr'><strong>ora</strong></span> <span class='ocrx_word' id='word_1_77' title='bbox 895 1015 1047 1114; x_wconf 85' lang='lat' dir='ltr'><strong>phalangis</strong></span> <span class='ocrx_word' id='word_1_78' title='bbox 1066 1017 1149 1074; x_wconf 90' lang='lat' dir='ltr'><strong>iussit</strong></span> 
     </span>
     <span class='ocr_line' id='line_1_11' title="bbox 102 1097 1148 1183; baseline -0.002 -24"><span class='ocrx_word' id='word_1_79' title='bbox 102 1110 304 1161; x_wconf 85' lang='lat' dir='ltr'><strong>transcurrere</strong></span> <span class='ocrx_word' id='word_1_80' title='bbox 321 1101 415 1159; x_wconf 91' lang='lat' dir='ltr'><strong>citatis</strong></span> <span class='ocrx_word' id='word_1_81' title='bbox 430 1100 514 1176; x_wconf 90' lang='lat' dir='ltr'><strong>equis</strong></span> <span class='ocrx_word' id='word_1_82' title='bbox 535 1108 635 1174; x_wconf 91' lang='lat' dir='ltr'><strong>actos,</strong></span> <span class='ocrx_word' id='word_1_83' title='bbox 658 1106 689 1157; x_wconf 91' lang='lat' dir='ltr'><strong>ut</strong></span> <span class='ocrx_word' id='word_1_84' title='bbox 707 1097 836 1183; x_wconf 78' lang='lat' dir='ltr'><strong>obiectis</strong></span> <span class='ocrx_word' id='word_1_85' title='bbox 854 1099 939 1158; x_wconf 83' lang='lat' dir='ltr'><strong>armis</strong></span> <span class='ocrx_word' id='word_1_86' title='bbox 955 1101 1020 1177; x_wconf 91' lang='lat' dir='ltr'><strong>ipso</strong></span> <span class='ocrx_word' id='word_1_87' title='bbox 1039 1100 1148 1177; x_wconf 92' lang='lat' dir='ltr'><strong>impetu</strong></span> 
     </span>
     <span class='ocr_line' id='line_1_12' title="bbox 102 1174 1148 1263; baseline -0.004 -19"><span class='ocrx_word' id='word_1_88' title='bbox 102 1185 337 1263; x_wconf 82' lang='lat' dir='ltr'><strong>praefringerent</strong></span> <span class='ocrx_word' id='word_1_89' title='bbox 356 1184 481 1243; x_wconf 91' lang='lat' dir='ltr'><strong>hostium</strong></span> <span class='ocrx_word' id='word_1_90' title='bbox 502 1181 632 1260; x_wconf 89' lang='lat' dir='ltr'><strong>spicula.</strong></span> <span class='ocrx_word' id='word_1_91' title='bbox 656 1174 714 1260; x_wconf 77' lang='lat' dir='ltr'><strong>quo&#39;</strong></span> <span class='ocrx_word' id='word_1_92' title='bbox 735 1199 849 1258; x_wconf 89' lang='lat' dir='ltr'><strong>genere</strong></span> <span class='ocrx_word' id='word_1_93' title='bbox 867 1182 991 1242; x_wconf 87' lang='lat' dir='ltr'><strong>telorum</strong></span> <span class='ocrx_word' id='word_1_94' title='bbox 1007 1184 1148 1242; x_wconf 88' lang='lat' dir='ltr'><strong>exarmati</strong></span> 
     </span>
     <span class='ocr_line' id='line_1_13' title="bbox 101 1268 903 1341; baseline -0.005 -13"><span class='ocrx_word' id='word_1_95' title='bbox 101 1268 280 1330; x_wconf 84' lang='lat' dir='ltr'><strong>llacedones</strong></span> <span class='ocrx_word' id='word_1_96' title='bbox 301 1268 452 1327; x_wconf 89' lang='lat' dir='ltr'><strong>solverunt</strong></span> <span class='ocrx_word' id='word_1_97' title='bbox 474 1268 567 1326; x_wconf 93' lang='lat' dir='ltr'><strong>aciem</strong></span> <span class='ocrx_word' id='word_1_98' title='bbox 589 1274 619 1325; x_wconf 91' lang='lat' dir='ltr'><strong>et</strong></span> <span class='ocrx_word' id='word_1_99' title='bbox 637 1273 722 1341; x_wconf 91' lang='lat' dir='ltr'><strong>terga</strong></span> <span class='ocrx_word' id='word_1_100' title='bbox 742 1274 903 1325; x_wconf 86' lang='lat' dir='ltr'><strong>verterunt.</strong></span> 
     </span>
    </p>

    <p class='ocr_par' dir='ltr' id='par_1_4' title="bbox 188 1347 1147 1428">
     <span class='ocr_line' id='line_1_14' title="bbox 188 1347 1147 1428; baseline -0.006 -16"><span class='ocrx_word' id='word_1_101' title='bbox 188 1352 238 1412; x_wconf 82' lang='lat'><strong>21</strong></span> <span class='ocrx_word' id='word_1_102' title='bbox 283 1351 409 1426; x_wconf 72' lang='lat' dir='ltr'><strong>Pyrrhus</strong></span> <span class='ocrx_word' id='word_1_103' title='bbox 432 1368 487 1428; x_wconf 91' lang='lat' dir='ltr'><strong>pro</strong></span> <span class='ocrx_word' id='word_1_104' title='bbox 506 1349 685 1424; x_wconf 81' lang='lat' dir='ltr'><strong>Tarentinis,</strong></span> <span class='ocrx_word' id='word_1_105' title='bbox 707 1347 783 1427; x_wconf 93' lang='lat' dir='ltr'><strong>apud</strong></span> <span class='ocrx_word' id='word_1_106' title='bbox 805 1348 961 1424; x_wconf 85' lang='lat' dir='ltr'><strong>Asculum,</strong></span> <span class='ocrx_word' id='word_1_107' title='bbox 988 1348 1147 1408; x_wconf 92' lang='lat' dir='ltr'><strong>secuudum</strong></span> 
     </span>
    </p>
   </div>
   <div class='ocr_carea' id='block_1_4' title="bbox 13 1431 1146 1511">
    <p class='ocr_par' dir='ltr' id='par_1_5' title="bbox 13 1431 1146 1511">
     <span class='ocr_line' id='line_1_15' title="bbox 13 1431 1146 1511; baseline -0.006 -14"><span class='ocrx_word' id='word_1_108' title='bbox 13 1458 15 1474; x_wconf 77' lang='lat'><strong>¹</strong></span> <span class='ocrx_word' id='word_1_109' title='bbox 102 1435 288 1496; x_wconf 88' lang='lat' dir='ltr'><strong>Homericum</strong></span> <span class='ocrx_word' id='word_1_110' title='bbox 300 1451 417 1494; x_wconf 85' lang='lat' dir='ltr'><strong>versum</strong></span> <span class='ocrx_word' id='word_1_111' title='bbox 433 1450 491 1510; x_wconf 94' lang='lat' dir='ltr'><strong>quo</strong></span> <span class='ocrx_word' id='word_1_112' title='bbox 511 1433 631 1510; x_wconf 89' lang='lat' dir='ltr'><strong>pessimi</strong></span> <span class='ocrx_word' id='word_1_113' title='bbox 646 1433 674 1490; x_wconf 95' lang='lat' dir='ltr'><strong>in</strong></span> <span class='ocrx_word' id='word_1_114' title='bbox 685 1432 810 1492; x_wconf 91' lang='lat' dir='ltr'><strong>medium</strong></span> <span class='ocrx_word' id='word_1_115' title='bbox 827 1435 1021 1511; x_wconf 90' lang='lat' dir='ltr'><strong>recipiuntur,</strong></span> <span class='ocrx_word' id='word_1_116' title='bbox 1041 1431 1146 1492; x_wconf 88' lang='lat' dir='ltr'><strong>dextro</strong></span> 
     </span>
    </p>
   </div>
   <div class='ocr_carea' id='block_1_5' title="bbox 20 1514 1147 3521">
    <p class='ocr_par' dir='ltr' id='par_1_6' title="bbox 20 1514 1147 2182">
     <span class='ocr_line' id='line_1_16' title="bbox 77 1514 1147 1596; baseline -0.005 -17"><span class='ocrx_word' id='word_1_117' title='bbox 77 1536 194 1600; x_wconf 25' lang='lat' dir='ltr'><strong>,cornu</strong></span> <span class='ocrx_word' id='word_1_118' title='bbox 216 1518 357 1578; x_wconf 87' lang='lat' dir='ltr'><strong>Samnitas</strong></span> <span class='ocrx_word' id='word_1_119' title='bbox 379 1517 592 1595; x_wconf 84' lang='lat' dir='ltr'><strong>Epirotasque,</strong></span> <span class='ocrx_word' id='word_1_120' title='bbox 615 1517 732 1575; x_wconf 91' lang='lat' dir='ltr'><strong>sinistro</strong></span> <span class='ocrx_word' id='word_1_121' title='bbox 755 1515 883 1576; x_wconf 88' lang='lat' dir='ltr'><strong>Bruttios</strong></span> <span class='ocrx_word' id='word_1_122' title='bbox 904 1525 992 1595; x_wconf 93' lang='lat' dir='ltr'><strong>atque</strong></span> <span class='ocrx_word' id='word_1_123' title='bbox 1014 1514 1147 1575; x_wconf 86' lang='lat' dir='ltr'><strong>Lucanos</strong></span> 
     </span>
     <span class='ocr_line' id='line_1_17' title="bbox 20 1596 1145 1677; baseline -0.004 -15"><span class='ocrx_word' id='word_1_124' title='bbox 20 1608 38 1651; x_wconf 24' lang='lat' dir='ltr'><strong>v&#39;</strong></span> <span class='ocrx_word' id='word_1_125' title='bbox 103 1621 167 1662; x_wconf 93' lang='lat' dir='ltr'><strong>cum</strong></span> <span class='ocrx_word' id='word_1_126' title='bbox 190 1601 409 1674; x_wconf 89' lang='lat' dir='ltr'><strong>Sallentinis,</strong></span> <span class='ocrx_word' id='word_1_127' title='bbox 401 1599 545 1659; x_wconf 84' lang='lat' dir='ltr'><strong>remedia</strong></span> <span class='ocrx_word' id='word_1_128' title='bbox 573 1600 637 1658; x_wconf 90' lang='lat' dir='ltr'><strong>acie</strong></span> <span class='ocrx_word' id='word_1_129' title='bbox 659 1598 832 1659; x_wconf 83' lang='lat' dir='ltr'><strong>Tarentinos</strong></span> <span class='ocrx_word' id='word_1_130' title='bbox 852 1596 1035 1675; x_wconf 86' lang='lat' dir='ltr'><strong>conlocavit,</strong></span> <span class='ocrx_word' id='word_1_131' title='bbox 1065 1601 1145 1677; x_wconf 91' lang='lat' dir='ltr'><strong>cqui-</strong></span> 
     </span>
     <span class='ocr_line' id='line_1_18' title="bbox 101 1681 1145 1782; baseline -0.005 -37"><span class='ocrx_word' id='word_1_132' title='bbox 101 1695 190 1746; x_wconf 91' lang='lat' dir='ltr'><strong>tatum</strong></span> <span class='ocrx_word' id='word_1_133' title='bbox 206 1693 236 1744; x_wconf 89' lang='lat' dir='ltr'><strong>et</strong></span> <span class='ocrx_word' id='word_1_134' title='bbox 256 1682 454 1782; x_wconf 85' lang='lat' dir='ltr'><strong>elephantos&#39;</strong></span> <span class='ocrx_word' id='word_1_135' title='bbox 446 1701 474 1742; x_wconf 91' lang='lat' dir='ltr'><strong>m</strong></span> <span class='ocrx_word' id='word_1_136' title='bbox 495 1681 632 1743; x_wconf 89' lang='lat' dir='ltr'><strong>subsidiis</strong></span> <span class='ocrx_word' id='word_1_137' title='bbox 650 1701 718 1743; x_wconf 89' lang='lat' dir='ltr'><strong>esse</strong></span> <span class='ocrx_word' id='word_1_138' title='bbox 733 1685 826 1744; x_wconf 90' lang='lat' dir='ltr'><strong>iussit.</strong></span> <span class='ocrx_word' id='word_1_139' title='bbox 871 1681 988 1745; x_wconf 82' lang='lat' dir='ltr'><strong>Contra</strong></span> <span class='ocrx_word' id='word_1_140' title='bbox 996 1683 1145 1757; x_wconf 86' lang='lat' dir='ltr'><strong>consules,</strong></span> 
     </span>
     <span class='ocr_line' id='line_1_19' title="bbox 48 1766 1145 1848; baseline -0.004 -19"><span class='ocrx_word' id='word_1_141' title='bbox 48 1805 52 1819; x_wconf 61' lang='grc' dir='ltr'>ι</span> <span class='ocrx_word' id='word_1_142' title='bbox 102 1769 252 1848; x_wconf 89' lang='lat' dir='ltr'><strong>aptissime</strong></span> <span class='ocrx_word' id='word_1_143' title='bbox 273 1768 404 1826; x_wconf 85' lang='lat' dir='ltr'><strong>divisis</strong></span> <span class='ocrx_word' id='word_1_144' title='bbox 395 1784 424 1825; x_wconf 90' lang='lat' dir='ltr'><strong>m</strong></span> <span class='ocrx_word' id='word_1_145' title='bbox 446 1784 554 1826; x_wconf 91' lang='lat' dir='ltr'><strong>cornua</strong></span> <span class='ocrx_word' id='word_1_146' title='bbox 576 1766 736 1844; x_wconf 86' lang='lat' dir='ltr'><strong>equitibus,</strong></span> <span class='ocrx_word' id='word_1_147' title='bbox 759 1768 925 1845; x_wconf 83' lang='lat' dir='ltr'><strong>legiones</strong></span> <span class='ocrx_word' id='word_1_148' title='bbox 916 1787 946 1827; x_wconf 92' lang='grc' dir='ltr'><strong>ιιι</strong></span> <span class='ocrx_word' id='word_1_149' title='bbox 967 1769 1060 1845; x_wconf 90' lang='lat' dir='ltr'><strong>prima</strong></span> <span class='ocrx_word' id='word_1_150' title='bbox 1083 1769 1145 1827; x_wconf 90' lang='lat' dir='ltr'><strong>acie</strong></span> 
     </span>
     <span class='ocr_line' id='line_1_20' title="bbox 83 1849 1146 1924; baseline 0.001 -16"><span class='ocrx_word' id='word_1_151' title='bbox 83 1861 132 1911; x_wconf 78' lang='lat' dir='ltr'><strong>¹et</strong></span> <span class='ocrx_word' id='word_1_152' title='bbox 150 1853 179 1910; x_wconf 90' lang='lat' dir='ltr'><strong>iu</strong></span> <span class='ocrx_word' id='word_1_153' title='bbox 200 1850 336 1912; x_wconf 87' lang='lat' dir='ltr'><strong>subsidiis</strong></span> <span class='ocrx_word' id='word_1_154' title='bbox 359 1849 531 1911; x_wconf 83' lang='lat' dir='ltr'><strong>locaverunt</strong></span> <span class='ocrx_word' id='word_1_155' title='bbox 559 1860 589 1911; x_wconf 94' lang='lat' dir='ltr'><strong>et</strong></span> <span class='ocrx_word' id='word_1_156' title='bbox 611 1852 645 1910; x_wconf 93' lang='lat' dir='ltr'><strong>iis</strong></span> <span class='ocrx_word' id='word_1_157' title='bbox 670 1852 886 1912; x_wconf 78' lang='lat' dir='ltr'><strong>immiscuerunt</strong></span> <span class='ocrx_word' id='word_1_158' title='bbox 907 1851 1023 1912; x_wconf 89' lang='lat' dir='ltr'><strong>auxilia.</strong></span> <span class='ocrx_word' id='word_1_159' title='bbox 1069 1849 1146 1924; x_wconf 83' lang='lat' dir='ltr'><strong>Qua·</strong></span> 
     </span>
     <span class='ocr_line' id='line_1_21' title="bbox 80 1934 1146 2014; baseline -0.002 -19"><span class='ocrx_word' id='word_1_160' title='bbox 80 1935 234 2014; x_wconf 81' lang='lat' dir='ltr'><strong>draginta</strong></span> <span class='ocrx_word' id='word_1_161' title='bbox 261 1935 339 1995; x_wconf 92' lang='lat' dir='ltr'><strong>milia</strong></span> <span class='ocrx_word' id='word_1_162' title='bbox 366 1936 509 2014; x_wconf 87' lang='lat' dir='ltr'><strong>utrimque</strong></span> <span class='ocrx_word' id='word_1_163' title='bbox 530 1935 622 1994; x_wconf 85' lang='lat' dir='ltr'><strong>luisse</strong></span> <span class='ocrx_word' id='word_1_164' title='bbox 645 1943 769 1994; x_wconf 85' lang='lat' dir='ltr'><strong>constat.</strong></span> <span class='ocrx_word' id='word_1_165' title='bbox 812 1934 915 2010; x_wconf 79' lang='lat' dir='ltr'><strong>Pyrrhi</strong></span> <span class='ocrx_word' id='word_1_166' title='bbox 937 1935 1053 1995; x_wconf 90' lang='lat' dir='ltr'><strong>dimidia</strong></span> <span class='ocrx_word' id='word_1_167' title='bbox 1077 1953 1146 2013; x_wconf 89' lang='lat' dir='ltr'><strong>pars</strong></span> 
     </span>
     <span class='ocr_line' id='line_1_22' title="bbox 102 2018 1144 2098; baseline -0.004 -19"><span class='ocrx_word' id='word_1_168' title='bbox 102 2022 249 2081; x_wconf 87' lang='lat' dir='ltr'><strong>exercitus</strong></span> <span class='ocrx_word' id='word_1_169' title='bbox 262 2021 383 2094; x_wconf 90' lang='lat' dir='ltr'><strong>amissa,</strong></span> <span class='ocrx_word' id='word_1_170' title='bbox 404 2020 480 2098; x_wconf 91' lang='lat' dir='ltr'><strong>apud</strong></span> <span class='ocrx_word' id='word_1_171' title='bbox 493 2018 641 2079; x_wconf 88' lang='lat' dir='ltr'><strong>Romanos</strong></span> <span class='ocrx_word' id='word_1_172' title='bbox 660 2020 786 2096; x_wconf 90' lang='lat' dir='ltr'><strong>quinque</strong></span> <span class='ocrx_word' id='word_1_173' title='bbox 800 2019 877 2079; x_wconf 87' lang='lat' dir='ltr'><strong>milia</strong></span> <span class='ocrx_word' id='word_1_174' title='bbox 892 2019 1057 2080; x_wconf 90' lang='lat' dir='ltr'><strong>desiderata</strong></span> <span class='ocrx_word' id='word_1_175' title='bbox 1070 2026 1144 2077; x_wconf 89' lang='lat' dir='ltr'><strong>sunt.</strong></span> 
     </span>
     <span class='ocr_line' id='line_1_23' title="bbox 60 2099 1144 2182; baseline -0.005 -18"><span class='ocrx_word' id='word_1_176' title='bbox 60 2176 62 2180; x_wconf 9' lang='lat' dir='ltr'><strong>g</strong></span> <span class='ocrx_word' id='word_1_177' title='bbox 186 2104 237 2164; x_wconf 83' lang='lat'><strong>22.</strong></span> <span class='ocrx_word' id='word_1_178' title='bbox 282 2101 334 2164; x_wconf 83' lang='lat' dir='ltr'><strong>Cu.</strong></span> <span class='ocrx_word' id='word_1_179' title='bbox 357 2104 513 2182; x_wconf 87' lang='lat' dir='ltr'><strong>Pompeius</strong></span> <span class='ocrx_word' id='word_1_180' title='bbox 538 2103 678 2166; x_wconf 86' lang='lat' dir='ltr'><strong>adversus</strong></span> <span class='ocrx_word' id='word_1_181' title='bbox 707 2099 740 2161; x_wconf 85' lang='lat' dir='ltr'><strong>C.</strong></span> <span class='ocrx_word' id='word_1_182' title='bbox 765 2100 940 2180; x_wconf 85' lang='lat' dir='ltr'><strong>Caesarem,</strong></span> <span class='ocrx_word' id='word_1_183' title='bbox 969 2102 1144 2181; x_wconf 86' lang='lat' dir='ltr'><strong>Palaephar-</strong></span> 
     </span>
    </p>

    <p class='ocr_par' dir='ltr' id='par_1_7' title="bbox 56 2186 1145 3521">
     <span class='ocr_line' id='line_1_24' title="bbox 100 2186 1145 2267; baseline -0.002 -21"><span class='ocrx_word' id='word_1_184' title='bbox 100 2189 155 2249; x_wconf 87' lang='lat' dir='ltr'><strong>sali</strong></span> <span class='ocrx_word' id='word_1_185' title='bbox 175 2189 321 2267; x_wconf 92' lang='lat' dir='ltr'><strong>triplicem</strong></span> <span class='ocrx_word' id='word_1_186' title='bbox 337 2190 471 2247; x_wconf 91' lang='lat' dir='ltr'><strong>instruxit</strong></span> <span class='ocrx_word' id='word_1_187' title='bbox 488 2189 598 2262; x_wconf 90' lang='lat' dir='ltr'><strong>aciem,</strong></span> <span class='ocrx_word' id='word_1_188' title='bbox 621 2203 740 2264; x_wconf 89' lang='lat' dir='ltr'><strong>quarum</strong></span> <span class='ocrx_word' id='word_1_189' title='bbox 758 2186 892 2263; x_wconf 84' lang='lat' dir='ltr'><strong>singulae</strong></span> <span class='ocrx_word' id='word_1_190' title='bbox 910 2186 1003 2246; x_wconf 93' lang='lat' dir='ltr'><strong>denos</strong></span> <span class='ocrx_word' id='word_1_191' title='bbox 1027 2186 1145 2247; x_wconf 89' lang='lat' dir='ltr'><strong>ordines</strong></span> 
     </span>
     <span class='ocr_line' id='line_1_25' title="bbox 56 2268 1144 2347; baseline 0 -19"><span class='ocrx_word' id='word_1_192' title='bbox 56 2306 58 2311; x_wconf 92' lang='lat'><em>-</em></span> <span class='ocrx_word' id='word_1_193' title='bbox 100 2273 129 2329; x_wconf 94' lang='lat' dir='ltr'><strong>in</strong></span> <span class='ocrx_word' id='word_1_194' title='bbox 147 2271 326 2331; x_wconf 89' lang='lat' dir='ltr'><strong>latitudinem</strong></span> <span class='ocrx_word' id='word_1_195' title='bbox 346 2270 518 2331; x_wconf 89' lang='lat' dir='ltr'><strong>babuerunt.</strong></span> <span class='ocrx_word' id='word_1_196' title='bbox 562 2268 709 2347; x_wconf 80' lang='lat' dir='ltr'><strong>legiones</strong></span> <span class='ocrx_word' id='word_1_197' title='bbox 724 2270 883 2330; x_wconf 89' lang='lat' dir='ltr'><strong>secundum</strong></span> <span class='ocrx_word' id='word_1_198' title='bbox 896 2271 1031 2339; x_wconf 77' lang='lat' dir='ltr'><strong>virtutem</strong></span> <span class='ocrx_word' id='word_1_199' title='bbox 1050 2272 1144 2330; x_wconf 81' lang='lat' dir='ltr'><strong>ouius·</strong></span> 
     </span>
     <span class='ocr_line' id='line_1_26' title="bbox 99 2351 1145 2432; baseline -0.001 -20"><span class='ocrx_word' id='word_1_200' title='bbox 99 2372 158 2432; x_wconf 91' lang='lat' dir='ltr'><strong>que</strong></span> <span class='ocrx_word' id='word_1_201' title='bbox 186 2354 362 2412; x_wconf 89' lang='lat' dir='ltr'><strong>iirmissimas</strong></span> <span class='ocrx_word' id='word_1_202' title='bbox 391 2355 419 2411; x_wconf 90' lang='lat' dir='ltr'><strong>in</strong></span> <span class='ocrx_word' id='word_1_203' title='bbox 442 2351 580 2412; x_wconf 89' lang='lat' dir='ltr'><strong>cornibus</strong></span> <span class='ocrx_word' id='word_1_204' title='bbox 606 2362 636 2412; x_wconf 92' lang='lat' dir='ltr'><strong>et</strong></span> <span class='ocrx_word' id='word_1_205' title='bbox 665 2355 693 2412; x_wconf 92' lang='lat' dir='ltr'><strong>in</strong></span> <span class='ocrx_word' id='word_1_206' title='bbox 721 2352 817 2412; x_wconf 90' lang='lat' dir='ltr'><strong>medio</strong></span> <span class='ocrx_word' id='word_1_207' title='bbox 841 2353 1019 2421; x_wconf 88' lang='lat' dir='ltr'><strong>conlocarit;</strong></span> <span class='ocrx_word' id='word_1_208' title='bbox 1050 2355 1145 2432; x_wconf 91' lang='lat' dir='ltr'><strong>spatia</strong></span> 
     </span>
     <span class='ocr_line' id='line_1_27' title="bbox 100 2435 1144 2536; baseline -0.001 -40"><span class='ocrx_word' id='word_1_209' title='bbox 100 2438 165 2496; x_wconf 91' lang='lat' dir='ltr'><strong>bis</strong></span> <span class='ocrx_word' id='word_1_210' title='bbox 156 2438 328 2514; x_wconf 79' lang='lat' dir='ltr'><strong>interposita</strong></span> <span class='ocrx_word' id='word_1_211' title='bbox 339 2435 481 2494; x_wconf 92' lang='lat' dir='ltr'><strong>tironibus</strong></span> <span class='ocrx_word' id='word_1_212' title='bbox 493 2435 654 2513; x_wconf 88' lang='lat' dir='ltr'><strong>subplcvit:</strong></span> <span class='ocrx_word' id='word_1_213' title='bbox 671 2437 776 2497; x_wconf 88' lang='lat' dir='ltr'><strong>dextro</strong></span> <span class='ocrx_word' id='word_1_214' title='bbox 788 2437 880 2497; x_wconf 90' lang='lat' dir='ltr'><strong>latere</strong></span> <span class='ocrx_word' id='word_1_215' title='bbox 891 2444 1053 2496; x_wconf 88' lang='lat' dir='ltr'><strong>sexcentos</strong></span> <span class='ocrx_word' id='word_1_216' title='bbox 1064 2438 1144 2536; x_wconf 82' lang='lat' dir='ltr'><strong>equi·</strong></span> 
     </span>
     <span class='ocr_line' id='line_1_28' title="bbox 99 2518 1143 2599; baseline -0.002 -19"><span class='ocrx_word' id='word_1_217' title='bbox 99 2530 145 2580; x_wconf 92' lang='lat' dir='ltr'><strong>tes</strong></span> <span class='ocrx_word' id='word_1_218' title='bbox 161 2529 284 2599; x_wconf 91' lang='lat' dir='ltr'><strong>propter</strong></span> <span class='ocrx_word' id='word_1_219' title='bbox 301 2518 408 2578; x_wconf 82' lang='lat' dir='ltr'><strong>humen</strong></span> <span class='ocrx_word' id='word_1_220' title='bbox 427 2518 557 2598; x_wconf 84' lang='lat' dir='ltr'><strong>Enipea,</strong></span> <span class='ocrx_word' id='word_1_221' title='bbox 581 2521 631 2598; x_wconf 92' lang='lat' dir='ltr'><strong>qui</strong></span> <span class='ocrx_word' id='word_1_222' title='bbox 651 2529 680 2580; x_wconf 94' lang='lat' dir='ltr'><strong>et</strong></span> <span class='ocrx_word' id='word_1_223' title='bbox 698 2521 785 2579; x_wconf 89' lang='lat' dir='ltr'><strong>alveo</strong></span> <span class='ocrx_word' id='word_1_224' title='bbox 803 2538 857 2580; x_wconf 91' lang='lat' dir='ltr'><strong>suo</strong></span> <span class='ocrx_word' id='word_1_225' title='bbox 876 2530 905 2581; x_wconf 92' lang='lat' dir='ltr'><strong>et</strong></span> <span class='ocrx_word' id='word_1_226' title='bbox 919 2520 1027 2581; x_wconf 89' lang='lat' dir='ltr'><strong>alluvie</strong></span> <span class='ocrx_word' id='word_1_227' title='bbox 1045 2522 1143 2598; x_wconf 89' lang='lat' dir='ltr'><strong>regio·</strong></span> 
     </span>
     <span class='ocr_line' id='line_1_29' title="bbox 98 2598 1144 2682; baseline -0.002 -19"><span class='ocrx_word' id='word_1_228' title='bbox 98 2622 164 2664; x_wconf 92' lang='lat' dir='ltr'><strong>nem</strong></span> <span class='ocrx_word' id='word_1_229' title='bbox 186 2603 374 2682; x_wconf 87' lang='lat' dir='ltr'><strong>impedierat:</strong></span> <span class='ocrx_word' id='word_1_230' title='bbox 403 2602 546 2681; x_wconf 88' lang='lat' dir='ltr'><strong>reliquum</strong></span> <span class='ocrx_word' id='word_1_231' title='bbox 575 2598 732 2682; x_wconf 87' lang='lat' dir='ltr'><strong>equitatum</strong></span> <span class='ocrx_word' id='word_1_232' title='bbox 760 2607 789 2663; x_wconf 93' lang='lat' dir='ltr'><strong>iu</strong></span> <span class='ocrx_word' id='word_1_233' title='bbox 818 2606 935 2664; x_wconf 89' lang='lat' dir='ltr'><strong>sinistro</strong></span> <span class='ocrx_word' id='word_1_234' title='bbox 968 2620 1058 2664; x_wconf 91' lang='lat' dir='ltr'><strong>cornu</strong></span> <span class='ocrx_word' id='word_1_235' title='bbox 1081 2620 1144 2666; x_wconf 88' lang='lat' dir='ltr'><strong>cum</strong></span> 
     </span>
     <span class='ocr_line' id='line_1_30' title="bbox 99 2685 1144 2761; baseline 0 -15"><span class='ocrx_word' id='word_1_236' title='bbox 99 2688 215 2747; x_wconf 90' lang='lat' dir='ltr'><strong>auxiliis</strong></span> <span class='ocrx_word' id='word_1_237' title='bbox 235 2685 367 2746; x_wconf 91' lang='lat' dir='ltr'><strong>omnibus</strong></span> <span class='ocrx_word' id='word_1_238' title='bbox 390 2686 514 2761; x_wconf 90' lang='lat' dir='ltr'><strong>locavit,</strong></span> <span class='ocrx_word' id='word_1_239' title='bbox 543 2695 573 2746; x_wconf 92' lang='lat' dir='ltr'><strong>ut</strong></span> <span class='ocrx_word' id='word_1_240' title='bbox 603 2687 669 2747; x_wconf 91' lang='lat' dir='ltr'><strong>inde</strong></span> <span class='ocrx_word' id='word_1_241' title='bbox 691 2687 830 2747; x_wconf 89' lang='lat' dir='ltr'><strong>lulianum</strong></span> <span class='ocrx_word' id='word_1_242' title='bbox 857 2689 1018 2748; x_wconf 86' lang='lat' dir='ltr'><strong>exercitum</strong></span> <span class='ocrx_word' id='word_1_243' title='bbox 1041 2689 1144 2748; x_wconf 92' lang='lat' dir='ltr'><strong>circui·</strong></span> 
     </span>
     <span class='ocr_line' id='line_1_31' title="bbox 98 2731 1142 2850; baseline 0.001 -20"><span class='ocrx_word' id='word_1_244' title='bbox 98 2780 153 2830; x_wconf 84' lang='lat' dir='ltr'><strong>ret.</strong></span> <span class='ocrx_word' id='word_1_245' title='bbox 197 2770 349 2830; x_wconf 81' lang='lat' dir='ltr'><strong>Adversus</strong></span> <span class='ocrx_word' id='word_1_246' title='bbox 370 2769 445 2830; x_wconf 92' lang='lat' dir='ltr'><strong>hanc</strong></span> <span class='ocrx_word' id='word_1_247' title='bbox 460 2731 669 2831; x_wconf 90' lang='lat' dir='ltr'><strong>ordinationem</strong></span> <span class='ocrx_word' id='word_1_248' title='bbox 687 2769 798 2831; x_wconf 82' lang='lat' dir='ltr'><strong>Caesar</strong></span> <span class='ocrx_word' id='word_1_249' title='bbox 814 2774 872 2831; x_wconf 93' lang='lat' dir='ltr'><strong>et</strong></span> <span class='ocrx_word' id='word_1_250' title='bbox 864 2790 928 2850; x_wconf 83' lang='lat' dir='ltr'><strong>ipse</strong></span> <span class='ocrx_word' id='word_1_251' title='bbox 942 2771 1050 2850; x_wconf 92' lang='lat' dir='ltr'><strong>triplici</strong></span> <span class='ocrx_word' id='word_1_252' title='bbox 1068 2774 1142 2844; x_wconf 88' lang='lat' dir='ltr'><strong>acie,</strong></span> 
     </span>
     <span class='ocr_line' id='line_1_32' title="bbox 98 2853 1143 2932; baseline -0.001 -19"><span class='ocrx_word' id='word_1_253' title='bbox 98 2855 250 2932; x_wconf 89' lang='lat' dir='ltr'><strong>dispositis</strong></span> <span class='ocrx_word' id='word_1_254' title='bbox 276 2856 305 2912; x_wconf 94' lang='lat' dir='ltr'><strong>iu</strong></span> <span class='ocrx_word' id='word_1_255' title='bbox 333 2853 430 2914; x_wconf 89' lang='lat' dir='ltr'><strong>iroute</strong></span> <span class='ocrx_word' id='word_1_256' title='bbox 457 2854 640 2931; x_wconf 85' lang='lat' dir='ltr'><strong>legionibus,</strong></span> <span class='ocrx_word' id='word_1_257' title='bbox 668 2855 814 2914; x_wconf 90' lang='lat' dir='ltr'><strong>sinistrum</strong></span> <span class='ocrx_word' id='word_1_258' title='bbox 845 2855 937 2932; x_wconf 90' lang='lat' dir='ltr'><strong>latus,</strong></span> <span class='ocrx_word' id='word_1_259' title='bbox 965 2872 1004 2914; x_wconf 90' lang='lat' dir='ltr'><strong>ne</strong></span> <span class='ocrx_word' id='word_1_260' title='bbox 1028 2856 1143 2916; x_wconf 91' lang='lat' dir='ltr'><strong>circuiri</strong></span> 
     </span>
     <span class='ocr_line' id='line_1_33' title="bbox 97 2936 1142 3018; baseline 0.001 -21"><span class='ocrx_word' id='word_1_261' title='bbox 97 2946 220 3016; x_wconf 91' lang='lat' dir='ltr'><strong>posset,</strong></span> <span class='ocrx_word' id='word_1_262' title='bbox 249 2936 376 2997; x_wconf 90' lang='lat' dir='ltr'><strong>admovit</strong></span> <span class='ocrx_word' id='word_1_263' title='bbox 397 2937 567 3016; x_wconf 88' lang='lat' dir='ltr'><strong>paludibus:</strong></span> <span class='ocrx_word' id='word_1_264' title='bbox 596 2939 625 2996; x_wconf 92' lang='lat' dir='ltr'><strong>in</strong></span> <span class='ocrx_word' id='word_1_265' title='bbox 646 2938 751 2998; x_wconf 90' lang='lat' dir='ltr'><strong>dextro</strong></span> <span class='ocrx_word' id='word_1_266' title='bbox 773 2955 863 2999; x_wconf 88' lang='lat' dir='ltr'><strong>cornu</strong></span> <span class='ocrx_word' id='word_1_267' title='bbox 885 2940 1012 3016; x_wconf 90' lang='lat' dir='ltr'><strong>equitem</strong></span> <span class='ocrx_word' id='word_1_268' title='bbox 1034 2940 1142 3018; x_wconf 90' lang='lat' dir='ltr'><strong>posuit,</strong></span> 
     </span>
     <span class='ocr_line' id='line_1_34' title="bbox 97 3021 1142 3101; baseline 0 -20"><span class='ocrx_word' id='word_1_269' title='bbox 97 3023 144 3081; x_wconf 90' lang='lat' dir='ltr'><strong>cui</strong></span> <span class='ocrx_word' id='word_1_270' title='bbox 160 3021 366 3080; x_wconf 89' lang='lat' dir='ltr'><strong>velocissimos</strong></span> <span class='ocrx_word' id='word_1_271' title='bbox 382 3023 497 3082; x_wconf 91' lang='lat' dir='ltr'><strong>miscuit</strong></span> <span class='ocrx_word' id='word_1_272' title='bbox 515 3021 661 3101; x_wconf 91' lang='lat' dir='ltr'><strong>peditum,</strong></span> <span class='ocrx_word' id='word_1_273' title='bbox 683 3021 719 3081; x_wconf 93' lang='lat' dir='ltr'><strong>ad</strong></span> <span class='ocrx_word' id='word_1_274' title='bbox 733 3039 845 3082; x_wconf 94' lang='lat' dir='ltr'><strong>morem</strong></span> <span class='ocrx_word' id='word_1_275' title='bbox 862 3025 1009 3101; x_wconf 89' lang='lat' dir='ltr'><strong>equestris</strong></span> <span class='ocrx_word' id='word_1_276' title='bbox 1027 3040 1142 3101; x_wconf 89' lang='lat' dir='ltr'><strong>pugnae</strong></span> 
     </span>
     <span class='ocr_line' id='line_1_35' title="bbox 98 3104 1144 3166; baseline 0.003 -3"><span class='ocrx_word' id='word_1_277' title='bbox 98 3105 293 3164; x_wconf 85' lang='lat' dir='ltr'><strong>exercitatos·</strong></span> <span class='ocrx_word' id='word_1_278' title='bbox 322 3123 377 3164; x_wconf 91' lang='lat' dir='ltr'><strong>sex</strong></span> <span class='ocrx_word' id='word_1_279' title='bbox 398 3106 503 3166; x_wconf 90' lang='lat' dir='ltr'><strong>deinde</strong></span> <span class='ocrx_word' id='word_1_280' title='bbox 532 3106 671 3165; x_wconf 88' lang='lat' dir='ltr'><strong>cohortes</strong></span> <span class='ocrx_word' id='word_1_281' title='bbox 692 3107 721 3164; x_wconf 89' lang='lat' dir='ltr'><strong>in</strong></span> <span class='ocrx_word' id='word_1_282' title='bbox 742 3104 873 3166; x_wconf 91' lang='lat' dir='ltr'><strong>subsidio</strong></span> <span class='ocrx_word' id='word_1_283' title='bbox 895 3108 1013 3166; x_wconf 91' lang='lat' dir='ltr'><strong>retinuit</strong></span> <span class='ocrx_word' id='word_1_284' title='bbox 1035 3106 1071 3166; x_wconf 90' lang='lat' dir='ltr'><strong>ad</strong></span> <span class='ocrx_word' id='word_1_285' title='bbox 1094 3125 1144 3166; x_wconf 91' lang='lat' dir='ltr'><strong>res</strong></span> 
     </span>
     <span class='ocr_line' id='line_1_36' title="bbox 96 3187 1142 3268; baseline 0.003 -22"><span class='ocrx_word' id='word_1_286' title='bbox 96 3187 221 3255; x_wconf 89' lang='lat' dir='ltr'><strong>subitas;</strong></span> <span class='ocrx_word' id='word_1_287' title='bbox 245 3205 299 3247; x_wconf 82' lang='lat' dir='ltr'><strong>sex</strong></span> <span class='ocrx_word' id='word_1_288' title='bbox 316 3188 421 3250; x_wconf 90' lang='lat' dir='ltr'><strong>dextro</strong></span> <span class='ocrx_word' id='word_1_289' title='bbox 436 3189 530 3249; x_wconf 91' lang='lat' dir='ltr'><strong>latere</strong></span> <span class='ocrx_word' id='word_1_290' title='bbox 546 3205 707 3248; x_wconf 86' lang='lat' dir='ltr'><strong>conversas</strong></span> <span class='ocrx_word' id='word_1_291' title='bbox 720 3190 748 3248; x_wconf 90' lang='lat' dir='ltr'><strong>iu</strong></span> <span class='ocrx_word' id='word_1_292' title='bbox 767 3189 941 3268; x_wconf 90' lang='lat' dir='ltr'><strong>obliquum,</strong></span> <span class='ocrx_word' id='word_1_293' title='bbox 943 3189 1020 3249; x_wconf 89' lang='lat' dir='ltr'><strong>uude</strong></span> <span class='ocrx_word' id='word_1_294' title='bbox 1031 3193 1142 3268; x_wconf 91' lang='lat' dir='ltr'><strong>equita·</strong></span> 
     </span>
     <span class='ocr_line' id='line_1_37' title="bbox 95 3271 1143 3353; baseline 0.001 -23"><span class='ocrx_word' id='word_1_295' title='bbox 95 3281 155 3331; x_wconf 94' lang='lat' dir='ltr'><strong>tum</strong></span> <span class='ocrx_word' id='word_1_296' title='bbox 166 3271 291 3331; x_wconf 91' lang='lat' dir='ltr'><strong>hostium</strong></span> <span class='ocrx_word' id='word_1_297' title='bbox 303 3272 512 3352; x_wconf 88' lang='lat' dir='ltr'><strong>exspectabat,</strong></span> <span class='ocrx_word' id='word_1_298' title='bbox 525 3271 701 3333; x_wconf 87' lang='lat' dir='ltr'><strong>conlocarit.</strong></span> <span class='ocrx_word' id='word_1_299' title='bbox 744 3271 809 3333; x_wconf 87' lang='lat' dir='ltr'><strong>Nec</strong></span> <span class='ocrx_word' id='word_1_300' title='bbox 820 3272 879 3334; x_wconf 92' lang='lat' dir='ltr'><strong>ulla</strong></span> <span class='ocrx_word' id='word_1_301' title='bbox 895 3291 944 3333; x_wconf 90' lang='lat' dir='ltr'><strong>res</strong></span> <span class='ocrx_word' id='word_1_302' title='bbox 958 3291 995 3334; x_wconf 88' lang='lat' dir='ltr'><strong>eo</strong></span> <span class='ocrx_word' id='word_1_303' title='bbox 1014 3273 1062 3334; x_wconf 93' lang='lat' dir='ltr'><strong>die</strong></span> <span class='ocrx_word' id='word_1_304' title='bbox 1076 3274 1143 3353; x_wconf 92' lang='lat' dir='ltr'><strong>plus</strong></span> 
     </span>
     <span class='ocr_line' id='line_1_38' title="bbox 95 3352 1142 3437; baseline 0.003 -23"><span class='ocrx_word' id='word_1_305' title='bbox 95 3354 131 3415; x_wconf 92' lang='lat' dir='ltr'><strong>ad</strong></span> <span class='ocrx_word' id='word_1_306' title='bbox 145 3357 297 3416; x_wconf 80' lang='lat' dir='ltr'><strong>uictoriam</strong></span> <span class='ocrx_word' id='word_1_307' title='bbox 311 3352 432 3417; x_wconf 83' lang='lat' dir='ltr'><strong>Caesari</strong></span> <span class='ocrx_word' id='word_1_308' title='bbox 451 3355 587 3416; x_wconf 90' lang='lat' dir='ltr'><strong>contulit:</strong></span> <span class='ocrx_word' id='word_1_309' title='bbox 607 3355 729 3416; x_wconf 82' lang='lat' dir='ltr'><strong>edusum</strong></span> <span class='ocrx_word' id='word_1_310' title='bbox 746 3374 870 3436; x_wconf 88' lang='lat' dir='ltr'><strong>namque</strong></span> <span class='ocrx_word' id='word_1_311' title='bbox 884 3357 1015 3436; x_wconf 85' lang='lat' dir='ltr'><strong>Pompeii</strong></span> <span class='ocrx_word' id='word_1_312' title='bbox 1030 3359 1142 3437; x_wconf 88' lang='lat' dir='ltr'><strong>equita-</strong></span> 
     </span>
     <span class='ocr_line' id='line_1_39' title="bbox 95 3440 1142 3521; baseline 0.003 -22"><span class='ocrx_word' id='word_1_313' title='bbox 95 3448 152 3499; x_wconf 89' lang='lat' dir='ltr'><strong>tum</strong></span> <span class='ocrx_word' id='word_1_314' title='bbox 173 3442 320 3521; x_wconf 88' lang='lat' dir='ltr'><strong>iuopiuato</strong></span> <span class='ocrx_word' id='word_1_315' title='bbox 350 3457 477 3500; x_wconf 90' lang='lat' dir='ltr'><strong>excursu</strong></span> <span class='ocrx_word' id='word_1_316' title='bbox 499 3448 668 3501; x_wconf 85' lang='lat' dir='ltr'><strong>averterunt</strong></span> <span class='ocrx_word' id='word_1_317' title='bbox 691 3440 930 3521; x_wconf 88' lang='lat' dir='ltr'><strong>caedendumque</strong></span> <span class='ocrx_word' id='word_1_318' title='bbox 950 3441 1142 3503; x_wconf 85' lang='lat' dir='ltr'><strong>tradiderunt</strong></span> 
     </span>
    </p>
   </div>
   <div class='ocr_carea' id='block_1_6' title="bbox 0 0 1224 3848">
    <p class='ocr_par' dir='ltr' id='par_1_8' title="bbox 0 0 1224 3848">
     <span class='ocr_line' id='line_1_40' title="bbox 0 0 1224 3848; baseline 0 3"><span class='ocrx_word' id='word_1_319' title='bbox 0 0 1224 3848; x_wconf 95' lang='lat' dir='ltr'><strong> </strong></span> 
     </span>
    </p>
   </div>
  </div>
 </body>
</html>
