2438 3848
83 153 124 215 90
412 165 489 214 oux,
511 164 600 214 mun
628 164 797 214 uaournu

84 320 200 381 concito
216 319 481 396 transverberatus,
499 318 629 379 dedecus
641 319 809 396 seruitutis,
825 326 856 378 ut
871 318 1016 396 voluerat,
1032 329 1128 382 morte

83 405 195 482 elingit.
381 458 383 462 ,

171 489 219 548 17.
260 486 299 550 Μ.
327 484 401 547 Cato
431 483 566 546 Censorii
593 483 687 561 lilius,
716 487 745 545 iu
774 485 840 546 acie
867 486 1024 548 decidente
1050 507 1130 568 equo

83 572 257 651 prolapsus,
286 588 351 631 cum
373 588 407 630 se
431 569 641 645 recollegisset
663 570 977 651 animadvertissetque
998 572 1128 649 gladium

84 657 231 716 excidisse
250 655 366 732 vagina,
388 656 498 713 veritus
515 653 700 730 ignominiam
719 653 807 713 rediit
822 655 850 712 in
863 654 993 724 hostem;
1017 675 1128 736 excep·

82 741 180 818 tisque
208 740 320 818 aliquot
350 737 537 813 vulneribus,
562 745 739 815 recuperato
762 737 876 826 demum
901 739 999 816 gladio
1026 759 1129 801 rever·

85 840 134 881 sus
154 830 200 881 est
223 822 260 882 ad
281 838 361 881 suos.

170 904 220 965 18.
262 905 402 982 Petelini,
431 923 448 966 a
478 905 585 966 Poenis
619 904 751 981 obsessi,
786 914 924 983 parentes
955 915 985 967 et
1017 907 1129 969 liberos

84 997 209 1068 propter
230 988 357 1068 inopiam
372 990 538 1058 eiecerunt;
558 991 614 1068 ipsi
637 990 725 1048 coriis
740 988 911 1049 madefactis
932 999 962 1049 et
983 991 1052 1068 igne
1072 994 1129 1052 sic·

84 1073 157 1133 catis
178 1072 316 1151 foliisque
339 1073 475 1133 arborum
497 1082 526 1132 et
548 1073 624 1132 omni
645 1073 808 1132 animalium
830 1090 941 1150 genere
962 1076 1051 1136 uitam
1072 1086 1129 1136 tra·

85 1157 205 1232 hentes,
227 1158 362 1218 undecim
380 1175 497 1219 meuses
521 1157 703 1216 obsidionem
721 1157 930 1217 toleraremut.

173 1241 222 1301 19.
264 1240 384 1318 Hispani
414 1239 656 1301 Cussaburenses
687 1241 782 1300 omnia
811 1241 913 1301 eadem
941 1243 1022 1320 passi
1050 1252 1129 1320 suut,

85 1343 142 1385 uec
165 1325 303 1403 oppidum
324 1323 467 1385 Hirtuleio
485 1324 674 1385 tradiderunt.

170 1408 221 1468 20.
265 1405 455 1486 Casilinates,
486 1407 639 1468 obsidente
666 1406 844 1484 Hannibale,
874 1425 1045 1487 quamquam
1067 1418 1129 1470 tan-

86 1500 144 1551 tam
172 1492 299 1570 inopiam
322 1494 458 1571 perpessi
481 1500 562 1567 suut,
583 1500 614 1551 ut
639 1491 770 1551 ducentis
798 1491 924 1551 denariis
946 1510 1057 1552 murem
1077 1512 1129 1553 ve-

85 1578 164 1635 nisse
186 1575 330 1656 proditum
352 1577 389 1636 sit
412 1577 533 1654 eiusque
549 1573 732 1634 venditorem
754 1575 829 1635 lame
852 1576 995 1654 periisse,
1016 1586 1129 1655 empto·

84 1678 147 1719 rem
174 1669 269 1720 autem
291 1661 418 1736 uixisse,
448 1660 534 1719 iidem
560 1667 656 1718 tamen
677 1676 799 1720 servare
820 1658 958 1719 Romanis
985 1678 1128 1738 perseve-

83 1753 231 1804 raserunt.

173 1826 224 1887 21.
269 1825 406 1903 Cyzicum
422 1843 486 1886 cum
503 1825 687 1904 obpugnaret
702 1826 898 1903 Mithridates,
918 1828 1050 1907 captivos
1066 1829 1130 1888 eius

85 1910 164 1970 urbis
181 1911 317 1990 produxit
329 1910 514 1988 ostenditque
527 1909 676 1985 obsessis,
692 1910 847 1970 arbitratus
862 1910 986 1970 luturum
998 1919 1029 1971 ut
1041 1912 1129 1971 mise·

84 1997 199 2055 ratione
219 2012 337 2054 suorum
354 1995 548 2073 compelleret
569 1993 606 2053 ad
623 1994 800 2055 deditionem
816 1994 988 2072 oppidanos.
1031 1994 1072 2054 At
1087 1996 1131 2055 illi

87 2079 232 2139 cohortati
253 2079 289 2139 ad
309 2079 472 2158 patiendam
488 2078 603 2139 fortiter
618 2087 740 2138 mortem
762 2079 912 2158 captivos,
933 2097 1054 2139 serrare
1070 2078 1129 2139 Ro·

85 2165 177 2223 mauis
199 2163 286 2223 hdem
308 2171 583 2242 perseveraverunt.

170 2245 222 2305 22.
266 2247 483 2324 Segovienses,
508 2263 571 2306 cum
594 2244 760 2306 aViriatho
777 2246 812 2304 iis
834 2245 920 2304 liberi
941 2252 970 2304 et
986 2246 1130 2322 coniuges

87 2329 296 2404 caederentur,
313 2339 562 2409 praeoptaverunt
577 2337 713 2407 spectare
732 2329 878 2408 supplicia
893 2329 1048 2409 pignorum
1062 2346 1129 2388 suo-

86 2429 165 2489 rum,
191 2429 275 2489 quam
299 2412 334 2471 ab
356 2411 494 2473 Romanis
516 2413 656 2474 delicere.

172 2494 222 2557 23.
267 2495 447 2574 Numantini,
475 2515 512 2556 ne
539 2515 572 2557 se
602 2496 759 2573 dederent,
787 2496 865 2557 lame
893 2495 967 2556 mori
989 2495 1131 2574 praelixis

85 2579 200 2641 foribus
222 2580 356 2642 domuum
375 2600 490 2644 suarum
514 2582 685 2642 maluerunt.
1023 2588 1026 2592 ’

495 2747 645 2809 CAPUT
666 2748 724 2810 VI.

302 2866 359 2918 ,nu
376 2849 543 2914 'nurnero
563 2867 608 2914 uu
631 2838 899 2919 nonuunurorrr'r.

176 2977 204 3034 1.
248 2976 283 3048 Q.
302 2979 409 3041 Fabius
429 2983 548 3059 Rullus,
569 2985 703 3045 hortante
726 2985 806 3062 lilio,
828 2998 860 3049 ιιι
881 2992 977 3051 locum
993 2993 1132 3055 idoneum

88 3074 247 3200 qqquecqrum
274 3059 384 3121 iactura
406 3076 542 3143 caperet,
565 3067 673 3143 Visne,
696 3070 806 3145 inquit,
834 3080 865 3131 tu
887 3075 1004 3134 exiliis
1027 3081 1131 3155 paucis

174 3222 203 3283 2.
239 3223 422 3306 Xenophon,
449 3247 513 3291 curn
544 3249 621 3312 equo
649 3234 807 3296 veheretur
835 3246 865 3297 et
891 3238 1007 3317 pedites
1032 3242 1132 3320 iugum

87 3305 233 3384 quoddam
259 3327 406 3392 occupare
427 3315 562 3375 iussisset
589 3336 721 3397 unusque
750 3338 788 3380 ex
815 3322 858 3382 eis
886 3322 1132 3387 obmurmuraado

87 3389 215 3471 diceret,
244 3394 334 3456 facile
356 3414 423 3458 esse
445 3405 502 3460 tam
523 3399 673 3462 laboriosa
694 3404 845 3465 sedentem
865 3407 1029 3486 imperare,
1053 3410 1131 3471 desi·
