<?xml version="1.0" encoding="UTF-8"?>
<!DOCTYPE html PUBLIC "-//W3C//DTD XHTML 1.0 Transitional//EN"
    "http://www.w3.org/TR/xhtml1/DTD/xhtml1-transitional.dtd">
<html xmlns="http://www.w3.org/1999/xhtml" xml:lang="en" lang="en">
 <head>
  <title>
</title>
<meta http-equiv="Content-Type" content="text/html;charset=utf-8" />
  <meta name='ocr-system' content='tesseract 3.04.00' />
  <meta name='ocr-capabilities' content='ocr_page ocr_carea ocr_par ocr_line ocrx_word'/>
</head>
<body>
  <div class='ocr_page' id='page_1' title='image "./strategematicon00dedegoog_0066.png"; bbox 0 0 2438 3848; ppageno 0'>
   <div class='ocr_carea' id='block_1_1' title="bbox 282 157 1125 219">
    <p class='ocr_par' dir='ltr' id='par_1_1' title="bbox 282 157 1125 219">
     <span class='ocr_line' id='line_1_1' title="bbox 282 157 1125 219; baseline 0 -1"><span class='ocrx_word' id='word_1_1' title='bbox 282 169 625 218; x_wconf 79' lang='lat' dir='ltr'>sunannonnnrrcon</span> <span class='ocrx_word' id='word_1_2' title='bbox 646 169 717 217; x_wconf 81' lang='lat' dir='ltr'>ars.</span> <span class='ocrx_word' id='word_1_3' title='bbox 740 169 777 219; x_wconf 91' lang='lat'>11.</span> <span class='ocrx_word' id='word_1_4' title='bbox 803 169 878 217; x_wconf 78' lang='lat' dir='ltr'>oar.</span> <span class='ocrx_word' id='word_1_5' title='bbox 900 171 933 217; x_wconf 89' lang='lat' dir='ltr'>v.</span> <span class='ocrx_word' id='word_1_6' title='bbox 1083 157 1125 218; x_wconf 80' lang='lat'>43</span> 
     </span>
    </p>
   </div>
   <div class='ocr_carea' id='block_1_2' title="bbox 80 315 1208 3498">
    <p class='ocr_par' dir='ltr' id='par_1_2' title="bbox 80 315 1128 988">
     <span class='ocr_line' id='line_1_2' title="bbox 80 315 1125 400; baseline 0.001 -18"><span class='ocrx_word' id='word_1_7' title='bbox 80 323 200 398; x_wconf 76' lang='lat' dir='ltr'>lllyrio,</span> <span class='ocrx_word' id='word_1_8' title='bbox 228 315 368 383; x_wconf 88' lang='lat' dir='ltr'>maiorem</span> <span class='ocrx_word' id='word_1_9' title='bbox 395 324 544 400; x_wconf 92' lang='lat' dir='ltr'>aliquanto</span> <span class='ocrx_word' id='word_1_10' title='bbox 567 324 728 383; x_wconf 89' lang='lat' dir='ltr'>exercitum</span> <span class='ocrx_word' id='word_1_11' title='bbox 749 322 893 397; x_wconf 81' lang='lat' dir='ltr'>habente,</span> <span class='ocrx_word' id='word_1_12' title='bbox 922 323 1056 382; x_wconf 80' lang='lat' dir='ltr'><strong>amolitus</strong></span> <span class='ocrx_word' id='word_1_13' title='bbox 1075 324 1125 383; x_wconf 91' lang='lat' dir='ltr'>im·</span> 
     </span>
     <span class='ocr_line' id='line_1_3' title="bbox 80 407 1126 484; baseline -0.001 -17"><span class='ocrx_word' id='word_1_14' title='bbox 80 407 180 467; x_wconf 90' lang='lat' dir='ltr'>belles</span> <span class='ocrx_word' id='word_1_15' title='bbox 202 425 338 482; x_wconf 91' lang='lat' dir='ltr'>suorum,</span> <span class='ocrx_word' id='word_1_16' title='bbox 357 408 386 466; x_wconf 92' lang='lat' dir='ltr'>in</span> <span class='ocrx_word' id='word_1_17' title='bbox 406 408 531 466; x_wconf 87' lang='lat' dir='ltr'>vicinam</span> <span class='ocrx_word' id='word_1_18' title='bbox 551 409 703 483; x_wconf 80' lang='lat' dir='ltr'>regionem</span> <span class='ocrx_word' id='word_1_19' title='bbox 725 407 863 466; x_wconf 81' lang='lat' dir='ltr'><strong>Aetoliae</strong></span> <span class='ocrx_word' id='word_1_20' title='bbox 885 407 989 467; x_wconf 88' lang='lat' dir='ltr'>lamam</span> <span class='ocrx_word' id='word_1_21' title='bbox 1007 409 1126 484; x_wconf 80' lang='lat' dir='ltr'>sparsit,</span> 
     </span>
     <span class='ocr_line' id='line_1_4' title="bbox 81 489 1126 568; baseline 0 -18"><span class='ocrx_word' id='word_1_22' title='bbox 81 499 228 568; x_wconf 90' lang='lat' dir='ltr'>tamquam</span> <span class='ocrx_word' id='word_1_23' title='bbox 249 490 338 550; x_wconf 88' lang='lat' dir='ltr'>urbes</span> <span class='ocrx_word' id='word_1_24' title='bbox 357 508 392 550; x_wconf 92' lang='lat' dir='ltr'>ac</span> <span class='ocrx_word' id='word_1_25' title='bbox 413 508 463 549; x_wconf 90' lang='lat' dir='ltr'>res</span> <span class='ocrx_word' id='word_1_26' title='bbox 478 509 546 550; x_wconf 89' lang='lat' dir='ltr'>suas</span> <span class='ocrx_word' id='word_1_27' title='bbox 558 489 673 550; x_wconf 82' lang='lat' dir='ltr'>Aetolis</span> <span class='ocrx_word' id='word_1_28' title='bbox 693 491 888 550; x_wconf 81' lang='lat' dir='ltr'>concederet:</span> <span class='ocrx_word' id='word_1_29' title='bbox 913 492 978 568; x_wconf 91' lang='lat' dir='ltr'>ipse</span> <span class='ocrx_word' id='word_1_30' title='bbox 995 508 1059 549; x_wconf 92' lang='lat' dir='ltr'>cnm</span> <span class='ocrx_word' id='word_1_31' title='bbox 1079 492 1126 567; x_wconf 92' lang='lat' dir='ltr'>iis,</span> 
     </span>
     <span class='ocr_line' id='line_1_5' title="bbox 82 573 1126 652; baseline 0 -19"><span class='ocrx_word' id='word_1_32' title='bbox 82 577 132 652; x_wconf 88' lang='lat' dir='ltr'>qai</span> <span class='ocrx_word' id='word_1_33' title='bbox 160 592 239 634; x_wconf 91' lang='lat' dir='ltr'>arma</span> <span class='ocrx_word' id='word_1_34' title='bbox 267 575 346 634; x_wconf 86' lang='lat' dir='ltr'>ferre</span> <span class='ocrx_word' id='word_1_35' title='bbox 370 583 522 651; x_wconf 78' lang='lat' dir='ltr'>poterant,</span> <span class='ocrx_word' id='word_1_36' title='bbox 549 573 667 633; x_wconf 90' lang='lat' dir='ltr'>insidias</span> <span class='ocrx_word' id='word_1_37' title='bbox 689 575 717 633; x_wconf 91' lang='lat' dir='ltr'>in</span> <span class='ocrx_word' id='word_1_38' title='bbox 738 574 883 633; x_wconf 89' lang='lat' dir='ltr'>montibus</span> <span class='ocrx_word' id='word_1_39' title='bbox 910 583 939 632; x_wconf 87' lang='lat' dir='ltr'>et</span> <span class='ocrx_word' id='word_1_40' title='bbox 960 573 1035 632; x_wconf 88' lang='lat' dir='ltr'>locis</span> <span class='ocrx_word' id='word_1_41' title='bbox 1058 590 1126 633; x_wconf 91' lang='lat' dir='ltr'>con·</span> 
     </span>
     <span class='ocr_line' id='line_1_6' title="bbox 82 656 1128 736; baseline 0 -20"><span class='ocrx_word' id='word_1_42' title='bbox 82 657 212 734; x_wconf 83' lang='lat' dir='ltr'><strong>fragosis</strong></span> <span class='ocrx_word' id='word_1_43' title='bbox 230 657 384 718; x_wconf 83' lang='lat' dir='ltr'>distribuit.</span> <span class='ocrx_word' id='word_1_44' title='bbox 429 656 520 732; x_wconf 75' lang='lat' dir='ltr'>lllyrii</span> <span class='ocrx_word' id='word_1_45' title='bbox 532 658 683 732; x_wconf 90' lang='lat' dir='ltr'>timentes,</span> <span class='ocrx_word' id='word_1_46' title='bbox 697 675 734 716; x_wconf 90' lang='lat' dir='ltr'>ne</span> <span class='ocrx_word' id='word_1_47' title='bbox 747 675 821 736; x_wconf 92' lang='lat' dir='ltr'>quae</span> <span class='ocrx_word' id='word_1_48' title='bbox 835 656 1030 717; x_wconf 85' lang='lat' dir='ltr'>Molossorum</span> <span class='ocrx_word' id='word_1_49' title='bbox 1047 665 1128 717; x_wconf 88' lang='lat' dir='ltr'>erant</span> 
     </span>
     <span class='ocr_line' id='line_1_7' title="bbox 82 739 1127 823; baseline -0.001 -22"><span class='ocrx_word' id='word_1_50' title='bbox 82 740 119 801; x_wconf 91' lang='lat' dir='ltr'>ab</span> <span class='ocrx_word' id='word_1_51' title='bbox 143 739 259 823; x_wconf 81' lang='lat' dir='ltr'>Aetolis</span> <span class='ocrx_word' id='word_1_52' title='bbox 277 751 508 819; x_wconf 81' lang='lat' dir='ltr'>occuparentur,</span> <span class='ocrx_word' id='word_1_53' title='bbox 527 741 608 800; x_wconf 88' lang='lat' dir='ltr'>velut</span> <span class='ocrx_word' id='word_1_54' title='bbox 627 740 818 818; x_wconf 82' lang='lat' dir='ltr'>adpraedam</span> <span class='ocrx_word' id='word_1_55' title='bbox 836 741 1007 801; x_wconf 80' lang='lat' dir='ltr'>festinantes</span> <span class='ocrx_word' id='word_1_56' title='bbox 1026 740 1127 818; x_wconf 86' lang='lat' dir='ltr'>negle-</span> 
     </span>
     <span class='ocr_line' id='line_1_8' title="bbox 82 824 1128 903; baseline -0.002 -17"><span class='ocrx_word' id='word_1_57' title='bbox 82 827 138 886; x_wconf 90' lang='lat' dir='ltr'>ctis</span> <span class='ocrx_word' id='word_1_58' title='bbox 157 825 307 885; x_wconf 82' lang='lat' dir='ltr'>ordinibus</span> <span class='ocrx_word' id='word_1_59' title='bbox 319 825 491 885; x_wconf 89' lang='lat' dir='ltr'>adcelerare</span> <span class='ocrx_word' id='word_1_60' title='bbox 510 832 685 902; x_wconf 89' lang='lat' dir='ltr'>coeperunt:</span> <span class='ocrx_word' id='word_1_61' title='bbox 707 841 782 902; x_wconf 90' lang='lat' dir='ltr'>quos</span> <span class='ocrx_word' id='word_1_62' title='bbox 794 826 970 903; x_wconf 88' lang='lat' dir='ltr'>dissipatos,</span> <span class='ocrx_word' id='word_1_63' title='bbox 982 825 1052 885; x_wconf 91' lang='lat' dir='ltr'>nibil</span> <span class='ocrx_word' id='word_1_64' title='bbox 1068 824 1128 885; x_wconf 90' lang='lat' dir='ltr'>tale</span> 
     </span>
     <span class='ocr_line' id='line_1_9' title="bbox 83 907 936 988; baseline 0.001 -20"><span class='ocrx_word' id='word_1_65' title='bbox 83 918 311 988; x_wconf 78' lang='lat' dir='ltr'>exspectantes,</span> <span class='ocrx_word' id='word_1_66' title='bbox 332 908 448 983; x_wconf 74' lang='lat' dir='ltr'>Arybas</span> <span class='ocrx_word' id='word_1_67' title='bbox 471 927 509 967; x_wconf 89' lang='lat' dir='ltr'>ex</span> <span class='ocrx_word' id='word_1_68' title='bbox 530 908 641 967; x_wconf 90' lang='lat' dir='ltr'>insidiis</span> <span class='ocrx_word' id='word_1_69' title='bbox 664 907 737 967; x_wconf 87' lang='lat' dir='ltr'>ludit</span> <span class='ocrx_word' id='word_1_70' title='bbox 755 909 936 987; x_wconf 78' lang='lat' dir='ltr'>fugavitque.</span> 
     </span>
    </p>

    <p class='ocr_par' dir='ltr' id='par_1_3' title="bbox 83 989 1208 1572">
     <span class='ocr_line' id='line_1_10' title="bbox 169 989 1129 1067; baseline -0.002 -15"><span class='ocrx_word' id='word_1_71' title='bbox 169 991 220 1052; x_wconf 81' lang='lat'>20.</span> <span class='ocrx_word' id='word_1_72' title='bbox 266 992 298 1052; x_wconf 86' lang='grc' dir='ltr'>Τ.</span> <span class='ocrx_word' id='word_1_73' title='bbox 321 992 465 1051; x_wconf 82' lang='lat' dir='ltr'>Labienus</span> <span class='ocrx_word' id='word_1_74' title='bbox 487 989 520 1050; x_wconf 83' lang='lat' dir='ltr'>G.</span> <span class='ocrx_word' id='word_1_75' title='bbox 545 990 682 1051; x_wconf 81' lang='lat' dir='ltr'>Caesaris</span> <span class='ocrx_word' id='word_1_76' title='bbox 704 991 836 1067; x_wconf 92' lang='lat' dir='ltr'>legatus,</span> <span class='ocrx_word' id='word_1_77' title='bbox 863 992 1005 1053; x_wconf 89' lang='lat' dir='ltr'>adversus</span> <span class='ocrx_word' id='word_1_78' title='bbox 1028 990 1129 1051; x_wconf 85' lang='lat' dir='ltr'>Gallos</span> 
     </span>
     <span class='ocr_line' id='line_1_11' title="bbox 83 1074 1128 1153; baseline -0.001 -18"><span class='ocrx_word' id='word_1_79' title='bbox 83 1085 152 1136; x_wconf 90' lang='lat' dir='ltr'>anta</span> <span class='ocrx_word' id='word_1_80' title='bbox 173 1075 326 1135; x_wconf 87' lang='lat' dir='ltr'>adveutum</span> <span class='ocrx_word' id='word_1_81' title='bbox 349 1075 573 1149; x_wconf 88' lang='lat' dir='ltr'>Germanorum,</span> <span class='ocrx_word' id='word_1_82' title='bbox 602 1091 677 1153; x_wconf 92' lang='lat' dir='ltr'>quos</span> <span class='ocrx_word' id='word_1_83' title='bbox 696 1074 805 1134; x_wconf 93' lang='lat' dir='ltr'>auxilio</span> <span class='ocrx_word' id='word_1_84' title='bbox 827 1075 872 1135; x_wconf 92' lang='lat' dir='ltr'>bis</span> <span class='ocrx_word' id='word_1_85' title='bbox 890 1086 1029 1135; x_wconf 90' lang='lat' dir='ltr'>venturos</span> <span class='ocrx_word' id='word_1_86' title='bbox 1052 1077 1128 1134; x_wconf 93' lang='lat' dir='ltr'>scie-</span> 
     </span>
     <span class='ocr_line' id='line_1_12' title="bbox 83 1159 1129 1238; baseline -0.002 -20"><span class='ocrx_word' id='word_1_87' title='bbox 83 1159 150 1235; x_wconf 86' lang='lat' dir='ltr'>bat,</span> <span class='ocrx_word' id='word_1_88' title='bbox 180 1159 342 1237; x_wconf 89' lang='lat' dir='ltr'>condigere</span> <span class='ocrx_word' id='word_1_89' title='bbox 373 1161 493 1237; x_wconf 90' lang='lat' dir='ltr'>cupiens</span> <span class='ocrx_word' id='word_1_90' title='bbox 522 1159 711 1219; x_wconf 83' lang='lat' dir='ltr'>diffidentiam</span> <span class='ocrx_word' id='word_1_91' title='bbox 734 1159 894 1234; x_wconf 90' lang='lat' dir='ltr'>simulavit,</span> <span class='ocrx_word' id='word_1_92' title='bbox 918 1161 1080 1238; x_wconf 89' lang='lat' dir='ltr'>positisque</span> <span class='ocrx_word' id='word_1_93' title='bbox 1099 1160 1129 1216; x_wconf 91' lang='lat' dir='ltr'>in</span> 
     </span>
     <span class='ocr_line' id='line_1_13' title="bbox 83 1242 1128 1321; baseline -0.004 -18"><span class='ocrx_word' id='word_1_94' title='bbox 83 1243 202 1303; x_wconf 86' lang='lat' dir='ltr'>diversa</span> <span class='ocrx_word' id='word_1_95' title='bbox 230 1246 293 1321; x_wconf 91' lang='lat' dir='ltr'>ripa</span> <span class='ocrx_word' id='word_1_96' title='bbox 319 1245 423 1303; x_wconf 92' lang='lat' dir='ltr'>castris</span> <span class='ocrx_word' id='word_1_97' title='bbox 451 1242 664 1320; x_wconf 87' lang='lat' dir='ltr'>profectionem</span> <span class='ocrx_word' id='word_1_98' title='bbox 694 1243 796 1307; x_wconf 82' lang='lat' dir='ltr'>edixit</span> <span class='ocrx_word' id='word_1_99' title='bbox 811 1244 839 1302; x_wconf 91' lang='lat' dir='ltr'>in</span> <span class='ocrx_word' id='word_1_100' title='bbox 866 1252 1016 1320; x_wconf 90' lang='lat' dir='ltr'>posterum</span> <span class='ocrx_word' id='word_1_101' title='bbox 1043 1243 1128 1301; x_wconf 90' lang='lat' dir='ltr'>diem.</span> 
     </span>
     <span class='ocr_line' id='line_1_14' title="bbox 84 1325 1208 1404; baseline -0.004 -16"><span class='ocrx_word' id='word_1_102' title='bbox 84 1325 161 1388; x_wconf 84' lang='lat' dir='ltr'>Galli</span> <span class='ocrx_word' id='word_1_103' title='bbox 181 1326 338 1387; x_wconf 88' lang='lat' dir='ltr'>credentes</span> <span class='ocrx_word' id='word_1_104' title='bbox 360 1345 426 1387; x_wconf 86' lang='lat' dir='ltr'>aum</span> <span class='ocrx_word' id='word_1_105' title='bbox 443 1326 566 1402; x_wconf 85' lang='lat' dir='ltr'>fugere,</span> <span class='ocrx_word' id='word_1_106' title='bbox 590 1325 696 1385; x_wconf 87' lang='lat' dir='ltr'>damen</span> <span class='ocrx_word' id='word_1_107' title='bbox 720 1327 799 1404; x_wconf 93' lang='lat' dir='ltr'>quod</span> <span class='ocrx_word' id='word_1_108' title='bbox 820 1327 946 1387; x_wconf 91' lang='lat' dir='ltr'>medinm</span> <span class='ocrx_word' id='word_1_109' title='bbox 969 1334 1031 1385; x_wconf 92' lang='lat' dir='ltr'>erat</span> <span class='ocrx_word' id='word_1_110' title='bbox 1050 1326 1129 1384; x_wconf 90' lang='lat' dir='ltr'>iusti·</span> <span class='ocrx_word' id='word_1_111' title='bbox 1206 1391 1208 1394; x_wconf 10' lang='lat' dir='ltr'>g</span> 
     </span>
     <span class='ocr_line' id='line_1_15' title="bbox 84 1409 1131 1486; baseline -0.002 -16"><span class='ocrx_word' id='word_1_112' title='bbox 84 1419 202 1470; x_wconf 92' lang='lat' dir='ltr'>tuernnt</span> <span class='ocrx_word' id='word_1_113' title='bbox 236 1412 447 1470; x_wconf 87' lang='lat' dir='ltr'>transmittere:</span> <span class='ocrx_word' id='word_1_114' title='bbox 476 1409 636 1485; x_wconf 87' lang='lat' dir='ltr'>Labienus,</span> <span class='ocrx_word' id='word_1_115' title='bbox 667 1410 845 1470; x_wconf 88' lang='lat' dir='ltr'>circumacto</span> <span class='ocrx_word' id='word_1_116' title='bbox 878 1411 1027 1486; x_wconf 87' lang='lat' dir='ltr'>exercitu,</span> <span class='ocrx_word' id='word_1_117' title='bbox 1056 1410 1131 1469; x_wconf 88' lang='lat' dir='ltr'>inter</span> 
     </span>
     <span class='ocr_line' id='line_1_16' title="bbox 85 1492 873 1572; baseline 0 -20"><span class='ocrx_word' id='word_1_118' title='bbox 85 1495 166 1572; x_wconf 90' lang='lat' dir='ltr'>ipsas</span> <span class='ocrx_word' id='word_1_119' title='bbox 186 1495 344 1572; x_wconf 89' lang='lat' dir='ltr'>superandi</span> <span class='ocrx_word' id='word_1_120' title='bbox 361 1495 451 1554; x_wconf 92' lang='lat' dir='ltr'>amnis</span> <span class='ocrx_word' id='word_1_121' title='bbox 472 1492 660 1553; x_wconf 84' lang='lat' dir='ltr'>difficultates</span> <span class='ocrx_word' id='word_1_122' title='bbox 681 1511 734 1553; x_wconf 91' lang='lat' dir='ltr'>eos</span> <span class='ocrx_word' id='word_1_123' title='bbox 758 1494 873 1555; x_wconf 87' lang='lat' dir='ltr'>cecidit.</span> 
     </span>
    </p>

    <p class='ocr_par' dir='ltr' id='par_1_4' title="bbox 83 1576 1131 2156">
     <span class='ocr_line' id='line_1_17' title="bbox 171 1576 1130 1656; baseline 0.001 -20"><span class='ocrx_word' id='word_1_124' title='bbox 171 1576 223 1636; x_wconf 80' lang='lat'>21.</span> <span class='ocrx_word' id='word_1_125' title='bbox 266 1577 426 1652; x_wconf 90' lang='lat' dir='ltr'>Hannibal,</span> <span class='ocrx_word' id='word_1_126' title='bbox 447 1595 511 1635; x_wconf 93' lang='lat' dir='ltr'>curn</span> <span class='ocrx_word' id='word_1_127' title='bbox 533 1578 721 1654; x_wconf 88' lang='lat' dir='ltr'>explorasset</span> <span class='ocrx_word' id='word_1_128' title='bbox 739 1579 926 1656; x_wconf 80' lang='lat' dir='ltr'>negligenter</span> <span class='ocrx_word' id='word_1_129' title='bbox 945 1586 1040 1638; x_wconf 90' lang='lat' dir='ltr'>castra</span> <span class='ocrx_word' id='word_1_130' title='bbox 1063 1576 1130 1638; x_wconf 86' lang='lat' dir='ltr'>Ful·</span> 
     </span>
     <span class='ocr_line' id='line_1_18' title="bbox 83 1660 1131 1740; baseline 0 -20"><span class='ocrx_word' id='word_1_131' title='bbox 83 1662 123 1720; x_wconf 89' lang='lat' dir='ltr'>vii</span> <span class='ocrx_word' id='word_1_132' title='bbox 135 1660 258 1720; x_wconf 82' lang='lat' dir='ltr'>Romani</span> <span class='ocrx_word' id='word_1_133' title='bbox 270 1661 354 1721; x_wconf 90' lang='lat' dir='ltr'>ducis</span> <span class='ocrx_word' id='word_1_134' title='bbox 365 1662 486 1735; x_wconf 89' lang='lat' dir='ltr'>munita,</span> <span class='ocrx_word' id='word_1_135' title='bbox 505 1662 598 1739; x_wconf 90' lang='lat' dir='ltr'>ipsum</span> <span class='ocrx_word' id='word_1_136' title='bbox 613 1671 767 1740; x_wconf 87' lang='lat' dir='ltr'>praeterea</span> <span class='ocrx_word' id='word_1_137' title='bbox 782 1662 871 1722; x_wconf 91' lang='lat' dir='ltr'>multa</span> <span class='ocrx_word' id='word_1_138' title='bbox 886 1672 997 1722; x_wconf 90' lang='lat' dir='ltr'>temere</span> <span class='ocrx_word' id='word_1_139' title='bbox 1010 1661 1131 1736; x_wconf 91' lang='lat' dir='ltr'>audere,</span> 
     </span>
     <span class='ocr_line' id='line_1_19' title="bbox 84 1742 1130 1824; baseline -0.001 -20"><span class='ocrx_word' id='word_1_140' title='bbox 84 1746 178 1824; x_wconf 86' lang='lat' dir='ltr'>prima</span> <span class='ocrx_word' id='word_1_141' title='bbox 197 1744 280 1821; x_wconf 91' lang='lat' dir='ltr'>lnce,</span> <span class='ocrx_word' id='word_1_142' title='bbox 303 1763 369 1804; x_wconf 88' lang='lat' dir='ltr'>curn</span> <span class='ocrx_word' id='word_1_143' title='bbox 389 1744 543 1804; x_wconf 87' lang='lat' dir='ltr'>densiores</span> <span class='ocrx_word' id='word_1_144' title='bbox 562 1745 687 1804; x_wconf 86' lang='lat' dir='ltr'>nebulae</span> <span class='ocrx_word' id='word_1_145' title='bbox 708 1755 893 1824; x_wconf 91' lang='lat' dir='ltr'>praestarent</span> <span class='ocrx_word' id='word_1_146' title='bbox 911 1742 1130 1821; x_wconf 81' lang='lat' dir='ltr'>obscuritatem,</span> 
     </span>
     <span class='ocr_line' id='line_1_20' title="bbox 85 1829 1130 1907; baseline 0 -19"><span class='ocrx_word' id='word_1_147' title='bbox 85 1845 200 1906; x_wconf 86' lang='lat' dir='ltr'>paucos</span> <span class='ocrx_word' id='word_1_148' title='bbox 224 1829 338 1907; x_wconf 90' lang='lat' dir='ltr'>equites</span> <span class='ocrx_word' id='word_1_149' title='bbox 362 1829 548 1888; x_wconf 91' lang='lat' dir='ltr'>munitionum</span> <span class='ocrx_word' id='word_1_150' title='bbox 569 1838 730 1888; x_wconf 90' lang='lat' dir='ltr'>nostrarum</span> <span class='ocrx_word' id='word_1_151' title='bbox 750 1829 888 1906; x_wconf 85' lang='lat' dir='ltr'>vigilibus</span> <span class='ocrx_word' id='word_1_152' title='bbox 906 1830 1049 1888; x_wconf 89' lang='lat' dir='ltr'>ostendit:</span> <span class='ocrx_word' id='word_1_153' title='bbox 1073 1846 1130 1907; x_wconf 93' lang='lat' dir='ltr'>quo</span> 
     </span>
     <span class='ocr_line' id='line_1_21' title="bbox 84 1911 1130 1990; baseline 0.001 -18"><span class='ocrx_word' id='word_1_154' title='bbox 84 1911 206 1972; x_wconf 81' lang='lat' dir='ltr'>Fulvius</span> <span class='ocrx_word' id='word_1_155' title='bbox 223 1921 346 1990; x_wconf 90' lang='lat' dir='ltr'>repente</span> <span class='ocrx_word' id='word_1_156' title='bbox 362 1914 451 1971; x_wconf 83' lang='lat' dir='ltr'>movit</span> <span class='ocrx_word' id='word_1_157' title='bbox 473 1915 644 1972; x_wconf 86' lang='lat' dir='ltr'>exercitum.</span> <span class='ocrx_word' id='word_1_158' title='bbox 690 1911 831 1972; x_wconf 90' lang='lat' dir='ltr'>Hannibal</span> <span class='ocrx_word' id='word_1_159' title='bbox 847 1930 901 1989; x_wconf 92' lang='lat' dir='ltr'>per</span> <span class='ocrx_word' id='word_1_160' title='bbox 918 1929 1051 1971; x_wconf 88' lang='lat' dir='ltr'>aversam</span> <span class='ocrx_word' id='word_1_161' title='bbox 1064 1931 1130 1990; x_wconf 94' lang='lat' dir='ltr'>par·</span> 
     </span>
     <span class='ocr_line' id='line_1_22' title="bbox 85 1994 1131 2073; baseline 0 -17"><span class='ocrx_word' id='word_1_162' title='bbox 85 2004 145 2056; x_wconf 89' lang='lat' dir='ltr'>tem</span> <span class='ocrx_word' id='word_1_163' title='bbox 168 2005 263 2055; x_wconf 90' lang='lat' dir='ltr'>castra</span> <span class='ocrx_word' id='word_1_164' title='bbox 284 1998 346 2056; x_wconf 92' lang='lat' dir='ltr'>eius</span> <span class='ocrx_word' id='word_1_165' title='bbox 362 1997 536 2073; x_wconf 87' lang='lat' dir='ltr'>occupavit,</span> <span class='ocrx_word' id='word_1_166' title='bbox 557 2005 587 2056; x_wconf 91' lang='lat' dir='ltr'>et</span> <span class='ocrx_word' id='word_1_167' title='bbox 607 1996 658 2055; x_wconf 83' lang='lat' dir='ltr'>itta</span> <span class='ocrx_word' id='word_1_168' title='bbox 674 1997 703 2053; x_wconf 91' lang='lat' dir='ltr'>in</span> <span class='ocrx_word' id='word_1_169' title='bbox 722 2004 836 2072; x_wconf 86' lang='lat' dir='ltr'>tergum</span> <span class='ocrx_word' id='word_1_170' title='bbox 853 1994 1047 2054; x_wconf 85' lang='lat' dir='ltr'>Romanorum</span> <span class='ocrx_word' id='word_1_171' title='bbox 1060 1996 1131 2056; x_wconf 89' lang='lat' dir='ltr'>ellu-</span> 
     </span>
     <span class='ocr_line' id='line_1_23' title="bbox 86 2078 1129 2156; baseline -0.004 -16"><span class='ocrx_word' id='word_1_172' title='bbox 86 2098 154 2156; x_wconf 87' lang='lat' dir='ltr'>sus,</span> <span class='ocrx_word' id='word_1_173' title='bbox 179 2088 246 2139; x_wconf 89' lang='lat' dir='ltr'>octo</span> <span class='ocrx_word' id='word_1_174' title='bbox 259 2079 337 2139; x_wconf 91' lang='lat' dir='ltr'>milia</span> <span class='ocrx_word' id='word_1_175' title='bbox 352 2079 574 2139; x_wconf 81' lang='lat' dir='ltr'>fortissimorum</span> <span class='ocrx_word' id='word_1_176' title='bbox 587 2080 705 2138; x_wconf 89' lang='lat' dir='ltr'>rnilitum</span> <span class='ocrx_word' id='word_1_177' title='bbox 720 2097 783 2139; x_wconf 93' lang='lat' dir='ltr'>cum</span> <span class='ocrx_word' id='word_1_178' title='bbox 797 2080 862 2156; x_wconf 93' lang='lat' dir='ltr'>ipso</span> <span class='ocrx_word' id='word_1_179' title='bbox 876 2078 950 2138; x_wconf 91' lang='lat' dir='ltr'>duce</span> <span class='ocrx_word' id='word_1_180' title='bbox 967 2078 1129 2138; x_wconf 88' lang='lat' dir='ltr'>trucidavit.</span> 
     </span>
    </p>

    <p class='ocr_par' dir='ltr' id='par_1_5' title="bbox 84 2161 1151 2977">
     <span class='ocr_line' id='line_1_24' title="bbox 172 2161 1132 2237; baseline -0.001 -14"><span class='ocrx_word' id='word_1_181' title='bbox 172 2162 222 2223; x_wconf 81' lang='lat'>22.</span> <span class='ocrx_word' id='word_1_182' title='bbox 266 2163 347 2224; x_wconf 91' lang='lat' dir='ltr'>ldem</span> <span class='ocrx_word' id='word_1_183' title='bbox 372 2162 529 2237; x_wconf 90' lang='lat' dir='ltr'>Hannibal,</span> <span class='ocrx_word' id='word_1_184' title='bbox 558 2181 622 2221; x_wconf 92' lang='lat' dir='ltr'>cum</span> <span class='ocrx_word' id='word_1_185' title='bbox 647 2164 721 2222; x_wconf 88' lang='lat' dir='ltr'>inter</span> <span class='ocrx_word' id='word_1_186' title='bbox 752 2161 873 2223; x_wconf 86' lang='lat' dir='ltr'>Fabium</span> <span class='ocrx_word' id='word_1_187' title='bbox 901 2163 1072 2223; x_wconf 90' lang='lat' dir='ltr'>dictatorem</span> <span class='ocrx_word' id='word_1_188' title='bbox 1102 2170 1132 2222; x_wconf 89' lang='lat' dir='ltr'>et</span> 
     </span>
     <span class='ocr_line' id='line_1_25' title="bbox 84 2244 1131 2325; baseline -0.002 -18"><span class='ocrx_word' id='word_1_189' title='bbox 84 2246 242 2307; x_wconf 81' lang='lat' dir='ltr'>llinucium</span> <span class='ocrx_word' id='word_1_190' title='bbox 267 2248 435 2323; x_wconf 89' lang='lat' dir='ltr'>magistrum</span> <span class='ocrx_word' id='word_1_191' title='bbox 461 2248 589 2325; x_wconf 92' lang='lat' dir='ltr'>equitum</span> <span class='ocrx_word' id='word_1_192' title='bbox 614 2246 723 2306; x_wconf 89' lang='lat' dir='ltr'>divisus</span> <span class='ocrx_word' id='word_1_193' title='bbox 751 2255 834 2306; x_wconf 88' lang='lat' dir='ltr'>esset</span> <span class='ocrx_word' id='word_1_194' title='bbox 856 2247 1003 2306; x_wconf 91' lang='lat' dir='ltr'>exercitus</span> <span class='ocrx_word' id='word_1_195' title='bbox 1028 2254 1057 2305; x_wconf 88' lang='lat' dir='ltr'>et</span> <span class='ocrx_word' id='word_1_196' title='bbox 1077 2244 1131 2306; x_wconf 89' lang='lat' dir='ltr'>Fa·</span> 
     </span>
     <span class='ocr_line' id='line_1_26' title="bbox 85 2329 1131 2409; baseline 0 -19"><span class='ocrx_word' id='word_1_197' title='bbox 85 2331 153 2390; x_wconf 91' lang='lat' dir='ltr'>bins</span> <span class='ocrx_word' id='word_1_198' title='bbox 186 2331 391 2390; x_wconf 88' lang='lat' dir='ltr'>occasionibus</span> <span class='ocrx_word' id='word_1_199' title='bbox 424 2332 603 2406; x_wconf 90' lang='lat' dir='ltr'>immineret,</span> <span class='ocrx_word' id='word_1_200' title='bbox 629 2329 772 2391; x_wconf 87' lang='lat' dir='ltr'>Minucius</span> <span class='ocrx_word' id='word_1_201' title='bbox 799 2331 945 2409; x_wconf 90' lang='lat' dir='ltr'>pugnandi</span> <span class='ocrx_word' id='word_1_202' title='bbox 974 2329 1131 2408; x_wconf 87' lang='lat' dir='ltr'>cupiditate</span> 
     </span>
     <span class='ocr_line' id='line_1_27' title="bbox 85 2415 1131 2494; baseline -0.001 -20"><span class='ocrx_word' id='word_1_203' title='bbox 85 2415 243 2491; x_wconf 87' lang='lat' dir='ltr'>flagraret,</span> <span class='ocrx_word' id='word_1_204' title='bbox 272 2425 368 2474; x_wconf 89' lang='lat' dir='ltr'>castra</span> <span class='ocrx_word' id='word_1_205' title='bbox 391 2415 420 2472; x_wconf 94' lang='lat' dir='ltr'>in</span> <span class='ocrx_word' id='word_1_206' title='bbox 445 2432 548 2492; x_wconf 91' lang='lat' dir='ltr'>campo</span> <span class='ocrx_word' id='word_1_207' title='bbox 570 2415 620 2494; x_wconf 95' lang='lat' dir='ltr'>qui</span> <span class='ocrx_word' id='word_1_208' title='bbox 640 2415 752 2475; x_wconf 91' lang='lat' dir='ltr'>medius</span> <span class='ocrx_word' id='word_1_209' title='bbox 774 2417 849 2475; x_wconf 89' lang='lat' dir='ltr'>iuter</span> <span class='ocrx_word' id='word_1_210' title='bbox 871 2415 972 2475; x_wconf 89' lang='lat' dir='ltr'>hostes</span> <span class='ocrx_word' id='word_1_211' title='bbox 994 2423 1057 2474; x_wconf 91' lang='lat' dir='ltr'>erat</span> <span class='ocrx_word' id='word_1_212' title='bbox 1079 2431 1131 2492; x_wconf 95' lang='lat' dir='ltr'>po·</span> 
     </span>
     <span class='ocr_line' id='line_1_28' title="bbox 87 2497 1132 2577; baseline -0.001 -20"><span class='ocrx_word' id='word_1_213' title='bbox 87 2500 159 2567; x_wconf 90' lang='lat' dir='ltr'>suit;</span> <span class='ocrx_word' id='word_1_214' title='bbox 184 2505 213 2557; x_wconf 91' lang='lat' dir='ltr'>et</span> <span class='ocrx_word' id='word_1_215' title='bbox 236 2516 301 2558; x_wconf 91' lang='lat' dir='ltr'>oum</span> <span class='ocrx_word' id='word_1_216' title='bbox 323 2508 436 2576; x_wconf 88' lang='lat' dir='ltr'>partem</span> <span class='ocrx_word' id='word_1_217' title='bbox 454 2499 581 2577; x_wconf 90' lang='lat' dir='ltr'>peditum</span> <span class='ocrx_word' id='word_1_218' title='bbox 601 2500 630 2558; x_wconf 92' lang='lat' dir='ltr'>in</span> <span class='ocrx_word' id='word_1_219' title='bbox 645 2501 832 2576; x_wconf 85' lang='lat' dir='ltr'>confragosis</span> <span class='ocrx_word' id='word_1_220' title='bbox 853 2498 974 2577; x_wconf 90' lang='lat' dir='ltr'>rupibus</span> <span class='ocrx_word' id='word_1_221' title='bbox 992 2497 1132 2573; x_wconf 90' lang='lat' dir='ltr'>celasset,</span> 
     </span>
     <span class='ocr_line' id='line_1_29' title="bbox 87 2581 1132 2661; baseline 0 -21"><span class='ocrx_word' id='word_1_222' title='bbox 87 2584 153 2660; x_wconf 89' lang='lat' dir='ltr'>ipse</span> <span class='ocrx_word' id='word_1_223' title='bbox 176 2582 212 2642; x_wconf 94' lang='lat' dir='ltr'>ad</span> <span class='ocrx_word' id='word_1_224' title='bbox 240 2583 419 2643; x_wconf 89' lang='lat' dir='ltr'>evocandum</span> <span class='ocrx_word' id='word_1_225' title='bbox 439 2582 554 2643; x_wconf 89' lang='lat' dir='ltr'>bostem</span> <span class='ocrx_word' id='word_1_226' title='bbox 574 2584 651 2642; x_wconf 91' lang='lat' dir='ltr'>misit</span> <span class='ocrx_word' id='word_1_227' title='bbox 673 2585 722 2661; x_wconf 92' lang='lat' dir='ltr'>qui</span> <span class='ocrx_word' id='word_1_228' title='bbox 742 2586 903 2661; x_wconf 91' lang='lat' dir='ltr'>proximum</span> <span class='ocrx_word' id='word_1_229' title='bbox 924 2581 1061 2642; x_wconf 86' lang='lat' dir='ltr'>tumulum</span> <span class='ocrx_word' id='word_1_230' title='bbox 1082 2598 1132 2640; x_wconf 92' lang='lat' dir='ltr'>oo·</span> 
     </span>
     <span class='ocr_line' id='line_1_30' title="bbox 86 2664 1132 2745; baseline 0 -20"><span class='ocrx_word' id='word_1_231' title='bbox 86 2676 244 2745; x_wconf 89' lang='lat' dir='ltr'>cuparent:</span> <span class='ocrx_word' id='word_1_232' title='bbox 272 2666 308 2726; x_wconf 93' lang='lat' dir='ltr'>ad</span> <span class='ocrx_word' id='word_1_233' title='bbox 332 2683 407 2744; x_wconf 93' lang='lat' dir='ltr'>quos</span> <span class='ocrx_word' id='word_1_234' title='bbox 428 2666 636 2743; x_wconf 86' lang='lat' dir='ltr'>obprimendos</span> <span class='ocrx_word' id='word_1_235' title='bbox 660 2684 724 2726; x_wconf 92' lang='lat' dir='ltr'>cum</span> <span class='ocrx_word' id='word_1_236' title='bbox 747 2668 899 2727; x_wconf 84' lang='lat' dir='ltr'>eduxisset</span> <span class='ocrx_word' id='word_1_237' title='bbox 919 2666 1022 2744; x_wconf 90' lang='lat' dir='ltr'>copias</span> <span class='ocrx_word' id='word_1_238' title='bbox 1041 2664 1132 2725; x_wconf 84' lang='lat' dir='ltr'>lilinu-</span> 
     </span>
     <span class='ocr_line' id='line_1_31' title="bbox 86 2748 1132 2828; baseline 0.001 -19"><span class='ocrx_word' id='word_1_239' title='bbox 86 2751 166 2826; x_wconf 89' lang='lat' dir='ltr'>ciua,</span> <span class='ocrx_word' id='word_1_240' title='bbox 199 2751 385 2810; x_wconf 90' lang='lat' dir='ltr'>insidiatores</span> <span class='ocrx_word' id='word_1_241' title='bbox 408 2748 443 2809; x_wconf 92' lang='lat' dir='ltr'>ab</span> <span class='ocrx_word' id='word_1_242' title='bbox 465 2749 626 2810; x_wconf 86' lang='lat' dir='ltr'>Hannibale</span> <span class='ocrx_word' id='word_1_243' title='bbox 657 2751 792 2828; x_wconf 91' lang='lat' dir='ltr'>dispositi</span> <span class='ocrx_word' id='word_1_244' title='bbox 820 2749 916 2810; x_wconf 92' lang='lat' dir='ltr'>subito</span> <span class='ocrx_word' id='word_1_245' title='bbox 938 2767 1132 2810; x_wconf 87' lang='lat' dir='ltr'>consurrexe-</span> 
     </span>
     <span class='ocr_line' id='line_1_32' title="bbox 86 2816 1151 2934; baseline 0.001 -42"><span class='ocrx_word' id='word_1_246' title='bbox 86 2841 171 2908; x_wconf 91' lang='lat' dir='ltr'>runt,</span> <span class='ocrx_word' id='word_1_247' title='bbox 195 2842 225 2892; x_wconf 91' lang='lat' dir='ltr'>et</span> <span class='ocrx_word' id='word_1_248' title='bbox 248 2833 399 2894; x_wconf 89' lang='lat' dir='ltr'>delessent</span> <span class='ocrx_word' id='word_1_249' title='bbox 421 2832 539 2894; x_wconf 86' lang='lat' dir='ltr'>llinucii</span> <span class='ocrx_word' id='word_1_250' title='bbox 561 2836 741 2909; x_wconf 85' lang='lat' dir='ltr'>exercitum,</span> <span class='ocrx_word' id='word_1_251' title='bbox 763 2835 818 2894; x_wconf 91' lang='lat' dir='ltr'>nisi</span> <span class='ocrx_word' id='word_1_252' title='bbox 835 2833 944 2895; x_wconf 82' lang='lat' dir='ltr'>Fabius</span> <span class='ocrx_word' id='word_1_253' title='bbox 965 2816 1151 2934; x_wconf 58' lang='lat' dir='ltr'>periclitam!</span> 
     </span>
     <span class='ocr_line' id='line_1_33' title="bbox 86 2915 382 2977; baseline 0.007 -2"><span class='ocrx_word' id='word_1_254' title='bbox 86 2915 164 2976; x_wconf 88' lang='lat' dir='ltr'>tibus</span> <span class='ocrx_word' id='word_1_255' title='bbox 187 2917 382 2977; x_wconf 90' lang='lat' dir='ltr'>subvenisset.</span> 
     </span>
    </p>

    <p class='ocr_par' dir='ltr' id='par_1_6' title="bbox 83 2998 1137 3498">
     <span class='ocr_line' id='line_1_34' title="bbox 172 2998 1133 3080; baseline 0.005 -21"><span class='ocrx_word' id='word_1_256' title='bbox 172 2998 224 3061; x_wconf 79' lang='lat'>23.</span> <span class='ocrx_word' id='word_1_257' title='bbox 268 3001 349 3062; x_wconf 92' lang='lat' dir='ltr'>ldem</span> <span class='ocrx_word' id='word_1_258' title='bbox 371 3000 530 3075; x_wconf 87' lang='lat' dir='ltr'>Hannibal,</span> <span class='ocrx_word' id='word_1_259' title='bbox 554 3017 619 3059; x_wconf 93' lang='lat' dir='ltr'>cum</span> <span class='ocrx_word' id='word_1_260' title='bbox 642 2999 677 3059; x_wconf 91' lang='lat' dir='ltr'>ad</span> <span class='ocrx_word' id='word_1_261' title='bbox 691 2999 827 3060; x_wconf 85' lang='lat' dir='ltr'>Trebiam</span> <span class='ocrx_word' id='word_1_262' title='bbox 847 3001 876 3060; x_wconf 95' lang='lat' dir='ltr'>in</span> <span class='ocrx_word' id='word_1_263' title='bbox 899 3012 1061 3080; x_wconf 90' lang='lat' dir='ltr'>conspectu</span> <span class='ocrx_word' id='word_1_264' title='bbox 1083 3003 1133 3064; x_wconf 91' lang='lat' dir='ltr'>ba·</span> 
     </span>
     <span class='ocr_line' id='line_1_35' title="bbox 85 3083 1133 3165; baseline 0.002 -21"><span class='ocrx_word' id='word_1_265' title='bbox 85 3083 173 3144; x_wconf 92' lang='lat' dir='ltr'>beret</span> <span class='ocrx_word' id='word_1_266' title='bbox 203 3085 369 3165; x_wconf 89' lang='lat' dir='ltr'>Sempronii</span> <span class='ocrx_word' id='word_1_267' title='bbox 396 3084 488 3161; x_wconf 83' lang='lat' dir='ltr'>Longi</span> <span class='ocrx_word' id='word_1_268' title='bbox 518 3084 647 3142; x_wconf 91' lang='lat' dir='ltr'>consulis</span> <span class='ocrx_word' id='word_1_269' title='bbox 672 3092 785 3158; x_wconf 89' lang='lat' dir='ltr'>castra,</span> <span class='ocrx_word' id='word_1_270' title='bbox 814 3085 910 3145; x_wconf 91' lang='lat' dir='ltr'>medio</span> <span class='ocrx_word' id='word_1_271' title='bbox 940 3105 1024 3146; x_wconf 86' lang='lat' dir='ltr'>amne</span> <span class='ocrx_word' id='word_1_272' title='bbox 1044 3089 1133 3148; x_wconf 90' lang='lat' dir='ltr'>inter·</span> 
     </span>
     <span class='ocr_line' id='line_1_36' title="bbox 85 3165 1132 3248; baseline 0.001 -20"><span class='ocrx_word' id='word_1_273' title='bbox 85 3167 211 3244; x_wconf 76' lang='lat' dir='ltr'>fluente,</span> <span class='ocrx_word' id='word_1_274' title='bbox 230 3169 400 3229; x_wconf 86' lang='lat' dir='ltr'>saevissima</span> <span class='ocrx_word' id='word_1_275' title='bbox 412 3169 507 3228; x_wconf 92' lang='lat' dir='ltr'>bieme</span> <span class='ocrx_word' id='word_1_276' title='bbox 520 3165 673 3244; x_wconf 81' lang='lat' dir='ltr'>Magonem</span> <span class='ocrx_word' id='word_1_277' title='bbox 687 3177 716 3226; x_wconf 92' lang='lat' dir='ltr'>et</span> <span class='ocrx_word' id='word_1_278' title='bbox 728 3167 843 3226; x_wconf 92' lang='lat' dir='ltr'>electos</span> <span class='ocrx_word' id='word_1_279' title='bbox 855 3169 884 3226; x_wconf 94' lang='lat' dir='ltr'>in</span> <span class='ocrx_word' id='word_1_280' title='bbox 901 3171 1012 3230; x_wconf 89' lang='lat' dir='ltr'>insidiis</span> <span class='ocrx_word' id='word_1_281' title='bbox 1026 3173 1132 3248; x_wconf 91' lang='lat' dir='ltr'>posuit.</span> 
     </span>
     <span class='ocr_line' id='line_1_37' title="bbox 85 3242 1133 3330; baseline 0.001 -18"><span class='ocrx_word' id='word_1_282' title='bbox 85 3250 201 3312; x_wconf 87' lang='lat' dir='ltr'>Deinde</span> <span class='ocrx_word' id='word_1_283' title='bbox 214 3251 352 3313; x_wconf 90' lang='lat' dir='ltr'>Numidas</span> <span class='ocrx_word' id='word_1_284' title='bbox 372 3253 487 3330; x_wconf 87' lang='lat' dir='ltr'>equites</span> <span class='ocrx_word' id='word_1_285' title='bbox 506 3251 542 3312; x_wconf 90' lang='lat' dir='ltr'>ad</span> <span class='ocrx_word' id='word_1_286' title='bbox 562 3250 734 3311; x_wconf 87' lang='lat' dir='ltr'>eliciendam</span> <span class='ocrx_word' id='word_1_287' title='bbox 746 3250 911 3328; x_wconf 90' lang='lat' dir='ltr'>Sempronii</span> <span class='ocrx_word' id='word_1_288' title='bbox 932 3242 1133 3316; x_wconf 80' lang='lat' dir='ltr'>credulitatem</span> 
     </span>
     <span class='ocr_line' id='line_1_38' title="bbox 85 3334 1131 3415; baseline 0 -19"><span class='ocrx_word' id='word_1_289' title='bbox 85 3335 258 3414; x_wconf 89' lang='lat' dir='ltr'>adequitare</span> <span class='ocrx_word' id='word_1_290' title='bbox 284 3336 364 3397; x_wconf 88' lang='lat' dir='ltr'>vallo</span> <span class='ocrx_word' id='word_1_291' title='bbox 394 3338 456 3396; x_wconf 91' lang='lat' dir='ltr'>eius</span> <span class='ocrx_word' id='word_1_292' title='bbox 477 3336 577 3404; x_wconf 89' lang='lat' dir='ltr'>iussit;</span> <span class='ocrx_word' id='word_1_293' title='bbox 607 3334 711 3413; x_wconf 92' lang='lat' dir='ltr'>quibus</span> <span class='ocrx_word' id='word_1_294' title='bbox 729 3348 943 3415; x_wconf 89' lang='lat' dir='ltr'>praeceperat,</span> <span class='ocrx_word' id='word_1_295' title='bbox 963 3347 994 3396; x_wconf 89' lang='lat' dir='ltr'>ut</span> <span class='ocrx_word' id='word_1_296' title='bbox 1015 3338 1051 3398; x_wconf 93' lang='lat' dir='ltr'>ad</span> <span class='ocrx_word' id='word_1_297' title='bbox 1073 3339 1131 3414; x_wconf 90' lang='lat' dir='ltr'>pri·</span> 
     </span>
     <span class='ocr_line' id='line_1_39' title="bbox 83 3418 1137 3498; baseline -0.005 -18"><span class='ocrx_word' id='word_1_298' title='bbox 83 3436 162 3480; x_wconf 89' lang='lat' dir='ltr'>mum</span> <span class='ocrx_word' id='word_1_299' title='bbox 192 3430 358 3482; x_wconf 92' lang='lat' dir='ltr'>nostrorum</span> <span class='ocrx_word' id='word_1_300' title='bbox 384 3421 529 3481; x_wconf 91' lang='lat' dir='ltr'>incursum</span> <span class='ocrx_word' id='word_1_301' title='bbox 559 3437 614 3498; x_wconf 90' lang='lat' dir='ltr'>per</span> <span class='ocrx_word' id='word_1_302' title='bbox 639 3427 709 3480; x_wconf 89' lang='lat' dir='ltr'>nota</span> <span class='ocrx_word' id='word_1_303' title='bbox 736 3418 909 3497; x_wconf 78' lang='lat' dir='ltr'>refugerent</span> <span class='ocrx_word' id='word_1_304' title='bbox 934 3420 1021 3481; x_wconf 78' lang='lat' dir='ltr'>vada.</span> <span class='ocrx_word' id='word_1_305' title='bbox 1070 3419 1137 3477; x_wconf 79' lang='lat' dir='ltr'>Hos</span> 
     </span>
    </p>
   </div>
   <div class='ocr_carea' id='block_1_3' title="bbox 0 0 1233 3848">
    <p class='ocr_par' dir='ltr' id='par_1_7' title="bbox 0 0 1233 3848">
     <span class='ocr_line' id='line_1_40' title="bbox 0 0 1233 3848; baseline 0 0"><span class='ocrx_word' id='word_1_306' title='bbox 0 0 1233 3848; x_wconf 95' lang='lat' dir='ltr'> </span> 
     </span>
    </p>
   </div>
  </div>
 </body>
</html>
