2438 3848
122 185 163 264 82
289 191 292 198 '
452 194 528 243 suu.
551 194 639 243 uuum
661 192 831 242 accurunt

208 350 289 411 Idem
304 359 440 425 senatus,
458 368 525 411 cum
537 350 660 427 turpiter
678 347 769 425 fugati
786 347 915 409 consulis
929 346 1037 406 milites
1056 356 1169 423 essent,

124 435 274 512 decrevit,
300 453 337 495 ne
361 434 467 496 auxilia
496 436 524 495 ei
552 433 805 510 submitterentur,
833 432 890 492 nisi
912 431 1007 511 captis
1031 439 1061 492 et
1081 432 1170 492 victis

123 517 267 579 hostibus.

209 601 259 661 25.
303 600 355 662 llis
378 602 561 678 legionibus,
585 619 660 680 quae
679 601 787 662 Punico
810 600 890 661 bello
909 599 1038 660 militiam
1052 599 1168 660 detrec

118 694 270 760 taverant,
296 687 326 744 in
356 684 485 745 Siciliam
510 686 650 762 relegatis
674 704 730 764 per
760 693 875 763 septem
904 680 995 744 annos
1026 683 1169 745 hordeum

124 789 161 829 ex
184 778 300 829 senatus
325 767 459 828 consulto
478 769 574 829 datum
594 777 648 828 est.

208 851 258 913 26.
302 852 333 912 L.
354 853 420 912 Piso
442 853 544 913 consul
561 849 596 913 C.
613 853 717 912 'litium
730 852 914 931 praefectum
930 851 1073 927 cohortis,
1090 849 1169 928 quod
1201 920 1209 941 ‚

122 936 191 996 loco
214 934 344 1012 fugitivis
367 946 516 1013 cesserat,
540 937 636 996 cinctu
658 945 746 1013 togae
762 938 916 1014 praeciso,
939 936 1036 996 soluta
1058 936 1168 1008 tunica,
1197 930 1202 937 ’

122 1019 206 1078 nudis
230 1019 353 1098 pedibus
375 1021 404 1079 in
424 1021 574 1099 principiis
595 1022 725 1099 quotidie
749 1028 844 1098 stare,
867 1022 933 1081 dum
955 1019 1064 1096 vigiles
1088 1019 1169 1079 veni·

122 1113 204 1180 rent,
227 1104 311 1163 iussit
329 1106 531 1184 conviviisque
554 1114 584 1164 et
604 1104 711 1163 balneo
735 1103 894 1165 abstinere.

209 1187 259 1251 27.
304 1189 385 1249 Sulla
409 1189 560 1248 cohortem
590 1197 619 1247 et
640 1189 843 1264 centuriones,
872 1196 995 1268 quorum
1014 1187 1169 1246 stationem

122 1272 217 1332 hostis
247 1281 436 1351 perruperat,
465 1273 572 1349 gladiis
601 1272 705 1349 aptatis
732 1279 762 1330 et
790 1271 948 1332 discinctos
974 1277 1112 1350 perstare
1141 1271 1178 1328 in·

123 1357 276 1435 principiis
300 1357 392 1415 iussit.
918 1408 921 1412 .

210 1438 262 1500 28.
306 1439 451 1498 Domitius
474 1438 604 1499 Corbulo
631 1441 659 1498 in
680 1440 818 1501 Armenia
838 1439 964 1500 Aemilio
986 1436 1065 1498 Rufo
1083 1454 1169 1515 prae-

123 1521 204 1582 lecto
234 1523 378 1600 equitum,
407 1524 474 1601 qnia
499 1522 632 1582 hostibus
661 1532 795 1584 cesserat
822 1532 852 1583 et
872 1541 973 1602 parum
1000 1523 1191 1580 instructam.

123 1607 211 1666 armis
226 1606 301 1665 alam
316 1605 460 1681 habebat,
482 1608 654 1666 vestimenta
677 1626 732 1686 per
747 1608 881 1669 lictorem
896 1608 983 1667 scidit
1002 1604 1170 1682 eidemque,

123 1698 155 1748 ut
178 1698 256 1766 erat,
278 1689 397 1749 foedato
419 1689 518 1749 habitu
546 1699 681 1768 perstare
704 1693 732 1751 in
762 1692 928 1771 principiis,
950 1691 1046 1752 donec
1075 1688 1171 1747 mitte·

124 1781 223 1850 retur,
247 1774 409 1853 imperavit.
1110 1807 1113 1812 ·

211 1874 263 1941 29.
304 1874 410 1935 Atilius
424 1875 575 1954 Regulus,
595 1894 658 1937 cum
678 1895 716 1936 ex
727 1876 844 1937 Samnio
865 1874 901 1935 ad
911 1874 1064 1935 Luceriam
1077 1880 1171 1931 trans·

124 1960 301 2036 grederetur
329 1962 536 2040 exercitusque
563 1963 625 2021 eius
653 1959 748 2019 obviis
776 1958 909 2020 hostibus
931 1974 1053 2017 aversus
1077 1964 1171 2030 esset,

119 2044 263 2141 ¹'obposita
288 2044 411 2107 cohorte
432 2045 679 2122 iussitlugientes
701 2062 757 2123 pro
778 2040 980 2103 desertoribus
1004 2039 1098 2100 caedi.

111 2138 141 2149 ”
212 2145 262 2206 30.
305 2143 400 2207 Cotta·
420 2147 522 2207 consul
551 2147 579 2205 in
603 2145 754 2206 Siciliain
777 2141 944 2217 Valerium,
970 2139 1099 2200 nobilem
1121 2141 1172 2198 tri-

126 2228 232 2288 bunum
252 2229 371 2289 militum
395 2248 432 2288 ex
454 2239 542 2308 gente
564 2227 700 2305 Valeria,
725 2226 816 2305 virgis
837 2224 1048 2286 animaduertit.

212 2327 263 2387 31.
312 2327 392 2388 ldem
423 2329 455 2389 P.
480 2328 630 2389 Aurelium
660 2328 801 2404 sanguine
828 2325 884 2384 sibi
913 2326 1056 2399 iunctum,
1083 2341 1172 2402 quem

127 2411 272 2471 obsidioni
295 2410 480 2489 Lipararum,
509 2414 573 2490 ipse
601 2413 639 2473 ad
666 2412 796 2489 auspicia
823 2409 985 2488 repetenda
1005 2407 1172 2468 blessanam

126 2495 315 2569 transiturus,
339 2495 541 2572 praefecerat,
563 2514 626 2556 cum
644 2514 737 2573 agger
757 2495 894 2553 incensus
916 2500 946 2551 et
968 2501 1054 2570 capta
1075 2501 1173 2553 castra

128 2586 246 2652 essent,
268 2579 359 2655 virgis
380 2597 498 2639 caesum
520 2581 550 2640 in
569 2598 716 2651 numerum
735 2577 898 2656 gregalium
914 2575 1043 2656 peditum
1065 2575 1173 2636 reterri

48 2704 68 2743 ,Ι
128 2670 158 2722 et
180 2654 346 2720 muneribus
369 2662 449 2740 iungi
471 2665 563 2724 iussit.

76 2748 147 2909 “pt
215 2761 264 2822 32.
305 2761 424 2823 Fulvius
443 2761 569 2825 Flaccus
588 2782 695 2824 censor
710 2761 843 2822 Fulvium
858 2761 978 2822 fratrem
994 2777 1087 2834 snum,
1105 2760 1173 2839 quia
1193 2829 1196 2835 ³

38 2892 85 2908 .-
127 2847 294 2923 legionem,
324 2848 352 2906 in
380 2864 436 2925 qua
453 2849 584 2909 tribunus
604 2849 724 2908 militum
746 2854 824 2923 erat,
848 2847 958 2905 iniussu
978 2843 1109 2923 consulis
1131 2843 1172 2904 di·

44 2930 87 2947 ‘⁴‘
102 2938 109 2987 i
127 2933 264 3005 miserat,
288 2939 390 2991 senatu
407 2933 507 2993 movit.

111 3000 145 3055 ’κ
214 3030 264 3092 33.
310 3030 348 3091 Μ.
369 3028 442 3092 Cato
464 3034 500 3094 ab
522 3033 621 3093 hostili
643 3034 748 3109 litore,
766 3034 800 3111 ,in
823 3049 881 3111 quo
904 3049 959 3109 per
973 3029 1085 3108 aliquot
1108 3023 1172 3087 dies

128 3124 292 3190 manserat,
318 3135 381 3176 cum
402 3127 448 3177 ter
469 3119 536 3178 dato
551 3117 744 3196 profectionis
767 3119 851 3194 signo
875 3116 1003 3175 classem
1020 3111 1172 3186 solvisset,

131 3209 160 3259 et
183 3199 304 3259 relictus
333 3219 349 3260 e
377 3201 514 3260 militibus
543 3201 658 3279 quidam
683 3220 700 3261 a
726 3211 805 3261 terra
834 3200 912 3260 edita
933 3215 1010 3259 voce
1036 3205 1067 3256 et
1088 3203 1175 3272 gestu

104 3305 108 3313 ¹
130 3284 343 3361 expostularet,
357 3286 397 3344 uti
412 3285 576 3362 tolleretur,
593 3287 768 3346 circumacta
783 3284 818 3346 ad
833 3284 900 3345 litus
912 3283 1050 3343 uniuersa
1064 3279 1174 3356 classe,

131 3368 374 3445 comprehensum
395 3369 541 3446 supplicio
562 3369 648 3430 adlici
669 3370 753 3429 iussit
775 3378 820 3444 et,
848 3385 934 3448 quem
964 3364 1093 3426 occisuri
1120 3379 1176 3443 per

131 3453 316 3532 ignominiam
337 3451 440 3513 hostes
462 3452 591 3534 fuerant,
614 3453 752 3534 exemplo
777 3452 876 3534 potius
895 3448 1043 3532 impendit.
