2438 3848
87 158 124 207 lV
508 158 707 208 PRAEFATIO

88 315 233 388 adplicitos
247 312 319 374 hosti
332 318 433 388 cahos)
460 317 501 374 lta
514 317 646 374 Medicei.
678 319 747 387 „Bis
765 335 801 375 an
819 317 865 375 die
880 335 947 377 vom
961 320 1070 377 Feinde
1089 338 1141 376 an-

70 400 262 472 'gebrachten
288 401 524 474 Schanzptahtes‘
563 402 650 474 Vulg.
675 404 821 474 adplicitas
846 404 917 459 hosti
938 406 1032 460 nolles.
1065 397 1078 484 ΙΙ
1108 411 1139 464 8.

88 484 183 541 Subito
197 485 330 556 hostibus)
346 487 510 554 emendavi,
534 503 585 558 pro
602 486 661 542 Sub
682 487 787 559 quibus.
815 480 829 567 ΙΙ
857 493 885 547 9.
898 490 1026 555 insciam)
1043 487 1139 544 Sanus

86 570 179 624 locus.
207 569 337 625 Narratio
354 573 413 626 exit
430 587 447 626 a
463 571 585 640 Nerone,
603 572 651 642 qui
665 570 712 628 hic
725 573 855 643 opinatur
870 573 992 643 quidem,
1010 573 1140 628 Hasdru-

86 654 179 710 balem
199 653 241 707 rei
256 653 376 710 inscium
392 670 474 724 esse,
494 656 626 726 quamvis
648 656 765 712 nonsit.
795 649 809 736 ΙΙ
837 662 879 716 12.
898 656 1038 724 Metellus)
1057 655 1138 727 Pius,

88 735 166 809 quod
178 737 306 807 imperite
323 738 462 807 adiicitur,
478 745 554 794 reete
572 741 696 796 amultis
711 742 790 797 libris
806 743 896 797 abest.

174 818 244 891 Cap.
261 821 295 879 ll.
310 827 338 880 3.
355 825 539 891 imminerent)
552 824 593 880 lta
607 826 695 881 Putat.
713 824 803 882 Ceteri
823 827 985 881 immineret.
1014 818 1028 904 Η
1056 825 1135 883 Rho-

85 903 193 972 dinam
200 904 297 960 lustin.
308 906 382 961 XXI.
396 912 430 966 6:
444 908 635 965 Hamilcarem
643 915 817 982 copnomentu
825 910 1002 966 Rhodanum.
1014 910 1137 966 Dubium

84 1005 200 1043 nomen.
229 980 244 1068 ΙΙ
271 996 299 1049 5.
307 992 503 1063 potuerat)lta
517 993 630 1064 plurimi
644 994 731 1050 codd.
753 999 780 1048 et
799 993 865 1059 edd.
880 998 937 1048 vet.
968 995 1062 1065 Vulgo
1079 1009 1134 1064 po—

84 1079 166 1129 terat.
201 1074 275 1132 Ond.
286 1077 417 1148 proponit
428 1082 568 1148 putruerat.
585 1069 599 1156 b
612 1081 638 1136 7.
653 1076 999 1150 Papus—Populoniam)
1014 1078 1055 1132 lta
1070 1078 1135 1133 aliis

84 1159 321 1229 praecedentibus
343 1161 478 1218 Niebuhr.
499 1162 582 1218 Rbrn.
597 1162 701 1218 Gesch.
722 1161 768 1216 Ill.
790 1177 818 1232 p.
838 1165 900 1218 507.
933 1160 974 1215 De
996 1163 1073 1230 Papo
1096 1161 1134 1215 ci.

84 1241 107 1298 1.
122 1247 149 1311 4,
165 1249 191 1302 1.
220 1245 332 1317 Vulgo:
349 1244 656 1303 Panthus—Coloniam.
673 1238 687 1325 ss
700 1248 730 1302 in
746 1247 855 1315 itinere)
871 1245 965 1315 recepi
983 1261 1019 1298 ex
1029 1244 1135 1312 Vatia,

85 1327 214 1384 Petrens.
231 1335 258 1384 et
271 1329 337 1384 edd.
352 1328 436 1407 Rom.
450 1334 478 1383 et
492 1329 602 1384 Bonon.

172 1410 239 1482 Cap.
257 1411 303 1465 lll.
326 1417 353 1468 5.
374 1414 404 1465 in
422 1412 579 1481 Hispania)
598 1428 614 1465 e
637 1412 723 1472 codd.
745 1413 850 1482 recepi.
880 1411 952 1468 Oud.
972 1410 1084 1464 retinuit
1103 1412 1133 1464 in

84 1493 260 1565 Hispaniam.
290 1485 304 1572 h
338 1499 364 1552 5
381 1495 564 1562 amandandi)
596 1492 669 1549 Oud.
687 1495 830 1549 emittendi.
860 1487 873 1572 Η
902 1499 929 1553 7.
954 1493 1033 1548 idem
1053 1493 1133 1565 feeit)

84 1577 103 1630 i.
121 1593 148 1632 e.
166 1583 267 1633 statum
281 1578 346 1632 belli
361 1576 397 1631 ad
418 1578 521 1631 navale
540 1578 678 1648 proelium
699 1580 847 1636 transtulit.
876 1570 889 1657 ΙΙ
925 1583 953 1638 8.
973 1577 1134 1650 funeribus)

84 1660 125 1715 lta
141 1677 210 1716 mss.
227 1676 320 1732 paene
335 1676 444 1728 omnes,
460 1677 516 1715 uon
528 1661 640 1732 finibus.
669 1653 682 1740 ss
711 1661 833 1718 hostilem
850 1666 879 1717 in
897 1664 1016 1729 terram)
1037 1677 1132 1716 emen·

85 1742 162 1799 davi.
188 1744 299 1800 Excidit
315 1749 420 1800 terram
435 1751 551 1817 propter
573 1746 783 1803 similitudinem
803 1749 948 1819 sequentis
969 1753 1058 1801 trans.
1086 1744 1132 1798 Li-

82 1828 127 1882 bri
140 1827 235 1884 hostile
248 1833 347 1883 transt.
361 1828 388 1883 h.

171 1912 240 1984 cap.
256 1913 304 1967 Ν.
321 1918 347 1972 ι.
368 1911 481 1984 Papus)
501 1915 587 1986 virg.
608 1912 733 1972 Paean.
766 1914 807 1972 cr.
830 1932 916 1986 supra
936 1932 961 1970 ο.
981 1913 1014 1968 11.
1032 1915 1058 1971 r.
1074 1903 1087 1990 11
1103 1913 1132 1964 a

83 1993 220 2063 ¹laconis)
234 1996 320 2069 Vutg.
334 1999 364 2052 in
375 1997 517 2054 Lucanos.
532 1997 573 2055 Gt.
589 1998 724 2055 Niebuhr.
744 1997 826 2054 Rem.
843 1999 946 2056 Gesch.
959 2000 1005 2053 lll.
1018 2014 1047 2069 p.
1068 1999 1130 2053 523.

85 2073 99 2160 [l
113 2085 139 2139 6.
157 2081 304 2152 adpetens)
321 2082 405 2154 Vntg.
415 2090 523 2155 petens.
558 2082 617 2140 Sed
632 2085 763 2157 permulti
778 2085 840 2139 libri
858 2085 993 2140 Graecias
1001 2086 1059 2152 pet.
1076 2080 1133 2133 llil-

83 2167 176 2222 leusb.
185 2166 329 2224 Graecini.
329 2173 388 2239 pet.
405 2159 419 2246 l)
432 2173 462 2226 8.
471 2168 644 2239 producere)
659 2187 700 2224 se.
716 2186 793 2224 suos.
808 2161 821 2246 Η
836 2173 886 2237 ne)
896 2169 987 2238 magis
999 2164 1103 2236 pendet
1115 2179 1133 2215 a

82 2249 225 2320 perducto,
241 2264 326 2320 quam
347 2252 382 2305 ab
396 2252 513 2305 eandem
529 2266 664 2320 persnas.
696 2252 792 2306 Possis
809 2252 892 2305 etiam
907 2249 1048 2318 explicare
1065 2263 1131 2316 per:

84 2333 123 2388 iia
137 2338 168 2387 ui
182 2349 248 2387 non.
265 2325 280 2413 ss
292 2336 352 2405 ipse
357 2347 415 2405 per
423 2334 504 2403 sap.)
512 2334 572 2403 ipse
587 2333 694 2386 restitui
711 2348 747 2384 ex
761 2331 901 2384 nonnullis
916 2330 1005 2394 libris,
1020 2333 1068 2396 qui
1083 2330 1133 2384 ha-

83 2419 150 2473 bent
164 2417 194 2471 in
209 2432 272 2489 sup.
291 2408 305 2496 ΙῙ
318 2419 348 2471 in
358 2417 485 2488 fiamine)
502 2415 657 2484 coniungas
674 2428 737 2466 cum
752 2413 867 2467 diuersis
881 2411 957 2465 loeis.
978 2401 991 2489 Η
1014 2417 1056 2466 10.
1073 2412 1132 2464 ins-

84 2502 184 2572 saqne)
209 2501 317 2556 restitui
336 2517 352 2554 e
371 2499 449 2554 libris
472 2496 601 2552 omnibus
621 2496 687 2566 (pro
714 2497 819 2565 iussa),
846 2499 952 2550 mutata
973 2496 1134 2564 interpunc-

83 2587 171 2641 tione.
194 2577 309 2664 flauas)
323 2578 485 2637 emendavit
497 2579 569 2635 aud.
585 2595 638 2650 pro
653 2593 691 2634 ea
709 2595 773 2650 qno.
798 2570 812 2658 Η
838 2585 880 2639 12.
894 2593 950 2651 per
970 2581 1045 2646 litus)
1062 2595 1132 2633 eon-

28 2677 31 2684 '
83 2670 192 2724 iectura
215 2667 374 2722 Casauboni
396 2663 592 2733 sagacissima.
622 2662 714 2718 Antea
735 2665 881 2736 legebatur
893 2665 1011 2734 penitus.
1041 2655 1054 2740 11
1086 2668 1131 2722 13.

85 2752 224 2824 Chorene)
242 2749 355 2804 Insulae
370 2745 511 2819 Cyaneae,
534 2746 654 2802 eaedem
669 2763 703 2802 ae
718 2745 942 2821 Symplegades,
965 2764 1066 2802 nomen
1084 2747 1132 2800 de-

84 2834 163 2891 disse
179 2829 473 2903 videntur’angustiis.
512 2830 585 2888 (tud.
604 2834 737 2903 proponit
756 2833 919 2905 Abydenae3
941 2832 1016 2902 quod
1038 2831 1131 2885 minus

83 2921 191 2990 placet,
209 2917 274 2988 quie
291 2915 374 2970 etiem
390 2930 511 2987 sequens
527 2921 642 2988 strateg.
661 2915 692 2971 fit
706 2915 744 2973 ad
760 2915 977 2972 Cherronesum.
1005 2908 1018 2995 [Ι
1044 2918 1127 2969 inter-

82 3002 179 3075 fectis)
193 2999 352 3055 emendatio
368 2997 480 3070 Herelii,
494 3016 545 3072 pro
562 3003 727 3073 interceptis,
746 3002 822 3072 quod
835 3002 949 3056 tolerari
966 3017 1022 3054 noa
1038 3004 1131 3070 potest

83 3088 200 3158 propter
217 3099 278 3154 seq.
291 3085 421 3156 epistolae
435 3091 465 3140 ut
474 3087 713 3158 interemerentur.
729 3077 746 3166 {l
758 3101 820 3142 eam
837 3085 950 3152 Cheru.)
963 3084 1063 3154 scripsi
1080 3098 1131 3151 pre

84 3171 165 3242 quio,
179 3173 294 3239 propter
309 3183 371 3240 seq.
385 3169 589 3241 prohiberetur.
619 3160 633 3249 [Ι
666 3171 815 3239 industria)
832 3169 963 3243 permulti
979 3169 1057 3234 libri,
1079 3182 1131 3237 pro

85 3253 120 3308 de
138 3251 285 3308 induistria.
323 3251 364 3308 Ci.
385 3270 447 3326 cap.
460 3255 495 3312 V.
513 3258 555 3313 16.
571 3254 630 3310 Lib.
646 3254 692 3309 lll.
711 3257 752 3321 17,
770 3258 797 3313 6.

170 3334 238 3408 Gap.
254 3337 290 3393 V.
306 3344 332 3397 1.
366 3340 491 3409 neeesse)
513 3338 650 3394 suadente
668 3338 741 3394 Oad.
757 3336 874 3394 restitui.
890 3327 904 3415 [l
918 3341 943 3394 4.
958 3335 1098 3406 superiori
1118 3348 1133 3388 e

80 3425 182 3494 porte)
196 3438 237 3480 sc.
253 3419 385 3480 fluminis.
420 3424 461 3479 lta
476 3423 577 3497 scripsi
593 3423 658 3497 (pro
676 3424 816 3496 asperiori
823 3422 921 3493 parte)
935 3436 971 3474 ex
987 3419 1135 3473 nonnullo·
