2438 3848
225 180 568 231 STRATEGEMATIOON
581 182 650 230 LIB.
668 182 706 233 11.
731 182 928 234 (thmvnvtt.
1059 175 1093 233 51

456 334 608 396 CAPUT
630 336 705 398 Vll.

310 466 359 512 nu
380 466 656 515 nrssruuunrurrs
678 466 860 515 uuvuasrs.

145 589 173 646 1.
219 585 320 646 Tullus
343 586 485 647 Hostilius
510 606 565 648 rex
586 587 797 664 Romanorum,
821 591 977 649 commisso
1000 590 1101 651 adver-

56 689 108 729 sus
127 670 270 730 Veientes
292 671 426 749 proelio,
448 689 512 731 oum
534 671 640 732 Albani
662 673 780 733 deserto
804 674 936 733 exercitu
958 673 1101 736 Romano-

55 773 119 814 rum
142 756 293 832 proximos
320 764 457 834 peterent
477 755 602 815 tumulos
625 762 719 835 eaque
747 775 797 816 res
819 757 965 817 turbasset
987 769 1102 819 nostro·

55 858 119 897 rum
133 840 261 913 animos,
286 839 366 897 clare
386 841 597 916 pronuntiavit,
620 842 700 900 iussu
715 858 767 900 suo
782 840 913 901 Albanos
930 841 959 901 id
981 843 1103 920 fecisse,

55 934 87 981 ut
110 924 226 983 hostem
248 925 500 991 circumvenirent.
545 922 696 996 Quaeres
720 933 749 984 et
771 933 915 984 terrorem
929 926 1103 988 Veientibus

56 1017 88 1066 et
100 1006 238 1067 Romanis
252 1007 383 1066 liduciam
394 1006 509 1075 adtulit;
522 1025 642 1085 remque
655 1007 819 1068 inclinatam
832 1009 956 1069 consilio
969 1013 1103 1072 restituit.

145 1089 174 1149 2.
219 1089 250 1150 h.
273 1091 371 1167 Sulla,
401 1108 466 1150 cum
490 1091 658 1168 praefectus
682 1093 764 1165 eius,
788 1095 941 1151 comitante
963 1112 1020 1153 nou
1043 1098 1103 1154 exi·

56 1193 114 1252 gua
138 1176 266 1252 equitum
285 1192 386 1249 manu,
410 1176 571 1234 commisso.
587 1175 642 1234 iam
662 1174 778 1252 proelio
801 1177 836 1235 ad
859 1176 959 1234 hostes
980 1179 1103 1238 transiu-

58 1260 169 1336 gisset,
194 1260 406 1336 pronuntiavit,
430 1259 516 1317 iussu·
533 1274 585 1318 suo
608 1259 636 1319 id
656 1258 778 1325 iactum;
802 1276 896 1337 eaque
918 1261 1031 1320 ratione
1054 1264 1104 1322 mi-

59 1343 140 1403 litum
163 1344 274 1401 animos
297 1359 354 1401 uon
376 1350 485 1403 tantum
509 1359 525 1401 a
548 1342 720 1402 confusione
743 1345 882 1418 retraxit,
906 1344 959 1404 sed
982 1347 1125 1424 quadam

59 1429 147 1487 etiam
165 1444 219 1505 spe
241 1427 387 1503 utilitatis,
409 1444 484 1505 quae
505 1425 533 1487 id
552 1427 703 1486 consilium
719 1425 855 1487 secutura
872 1437 976 1506 esset,
1000 1431 1104 1491 condr-

59 1512 157 1572 mavit.

145 1594 174 1655 3
219 1592 316 1670 Idem,
339 1611 404 1652 cum
423 1594 625 1654 auxiliares
599 1613 661 1654 erus
678 1594 758 1654 missi
778 1594 898 1673 abipso
915 1597 1106 1658 circumuenti

59 1678 96 1738 ab
122 1677 256 1736 hostibus
285 1687 314 1737 et
338 1679 484 1737 interlecti
512 1687 628 1754 essent,
657 1688 887 1757 verereturque
917 1699 954 1740 ne
982 1691 1106 1780 propter

58 1765 117 1822 hoc
135 1763 267 1822 damnum
282 1763 433 1820 universus
446 1763 606 1840 trepidaret
618 1764 783 1836 exercitus,
805 1767 1012 1840 pronuntiavit,
1024 1767 1104 1824 auxi·

58 1848 165 1920 liures,
196 1847 244 1922 qui
271 1845 307 1905 ad
338 1844 535 1906 delectionem
565 1848 799 1923 conspirassent,
829 1848 953 1907 consilio
977 1866 992 1907 a
1018 1868 1050 1907 se
1076 1852 1106 1908 in
1141 1847 1168 1925 ,’

58 1932 125 1990 loca
159 1929 257 2007 iniqua
285 1928 437 1989 deductos
489 1929 531 1989 lta
559 1930 819 1989 manffcstissimam
848 1930 961 1990 cladem
987 1932 1106 1991 ultionis

57 2013 244 2073 simulatione
273 2014 381 2074 velavit
409 2023 438 2073 et
465 2014 584 2122 militum
612 2013 722 2073 animos
744 2012 799 2071 hac
821 2015 1012 2089 persuasione
1036 2032 1105 2074 con·
1149 2068 1152 2073 .

58 2098 193 2158 firmavit.

145 2181 176 2239 4.
221 2180 340 2258 Scipio,
364 2198 428 2239 cum
448 2179 591 2258 Syphacis
609 2179 700 2255 legati
723 2179 886 2238 nuntiarent
909 2179 936 2238 ei
958 2182 1038 2256 regis
1061 2182 1106 2241 sui

57 2267 192 2340 nomine,
215 2283 252 2323 ne
271 2265 376 2326 fiducia
394 2264 545 2324 societatis
569 2264 631 2323 eius
648 2281 685 2322 ex
702 2263 801 2323 Sicilia
824 2265 852 2322 in
866 2263 995 2323 Africam
1014 2274 1107 2324 trans-

58 2352 137 2424 iret,
168 2350 300 2424 veritus,
332 2367 368 2407 ue
402 2347 648 2408 confunderentur
681 2348 766 2407 animi
801 2365 940 2423 suorum,
975 2348 1107 2410 abscissa

57 2433 217 2511 peregrina
240 2434 383 2492 societate
401 2434 507 2494 dimisit
526 2450 655 2512 propere
675 2432 791 2510 legatos
807 2442 836 2492 et
856 2432 960 2492 famam
983 2433 1112 2509 diffudit,

58 2527 203 2594 tamquam
228 2516 303 2576 ultro
327 2535 343 2577 a
366 2517 502 2596 Syphace
523 2519 726 2577 arcessiretur.

145 2602 175 2660 5.
223 2599 258 2673 Q.
290 2601 455 2677 Sertorius,
481 2620 545 2661 cum
566 2603 631 2661 acie
653 2601 836 2676 decertaret,
863 2598 1037 2675 barbarum,
1059 2599 1108 2677 qui

59 2686 86 2744 ei
107 2686 290 2744 nuntiaverat
311 2685 480 2745 Hirtuleium
504 2687 648 2765 periisse,
670 2686 799 2762 pugione
819 2685 951 2758 traiecit,
972 2702 1008 2742 ne
1033 2692 1062 2742 ct
1082 2685 1109 2742 iu

58 2771 181 2829 aliorum
205 2769 233 2829 id
255 2771 383 2830 notitiam
406 2770 569 2848 perferret,
595 2779 623 2829 et
646 2768 684 2828 ob
705 2769 773 2833 hoc
785 2770 867 2828 animi
891 2786 1008 2828 suorum
1031 2768 1107 2827 inlin-

56 2863 216 2918 mar‚eutur

146 2938 176 2998 6.
223 2936 392 2996 Alcibiades
421 2937 627 3010 Atheniensis,
653 2954 718 2995 cum
748 2933 785 2993 ab
812 2933 963 3009 Abydenis
992 2934 1108 3012 proelio

58 3031 235 3100 urgueretur
255 3020 426 3101 subitoque
434 3040 538 3099 magno
563 3039 648 3081 cursu
672 3020 783 3078 tristem
805 3019 963 3078 adventare
986 3018 1109 3079 tabella-

59 3109 132 3166 rium
155 3105 427 3183 animadvertisset,
451 3125 517 3165 eum
538 3103 687 3183 prohibuit
706 3101 802 3181 palam
827 3101 944 3177 dicere,
969 3103 1037 3182 quid
1060 3105 1109 3163 ad·

58 3191 161 3251 ferret.
205 3188 319 3250 Deinde
341 3199 458 3250 secreto
477 3191 662 3263 sciscitatus,
686 3185 904 3246 aPharnabano
922 3189 1006 3265 regio
1026 3205 1110 3264 prae·

58 3275 139 3334 lecto
169 3273 295 3333 classem
318 3293 398 3334 suam
423 3273 603 3352 obpugnari,
630 3270 733 3331 celatis
759 3278 788 3328 et
810 3270 943 3330 hostibus
968 3281 996 3330 et
1014 3270 1111 3330 militi-

59 3358 112 3418 bus
136 3357 281 3436 proclium
301 3361 376 3434 iniit,
399 3377 434 3419 ac
455 3367 596 3435 protenus
618 3356 654 3417 ad
676 3353 855 3434 eripiendam
876 3355 1002 3415 classem
1022 3354 1110 3413 ducto

59 3443 195 3502 exercitu
215 3443 275 3502 suis
293 3461 381 3523 opem
402 3442 478 3503 tulit.

875 3539 920 3596 sp
