2438 3848
232 140 574 214 suadrnonuaureou
596 166 664 215 ma.
687 165 746 215 111.v
763 166 838 214 car.
862 167 942 217 1.11.
1073 156 1111 216 61

484 318 632 381 CAPUT
662 319 697 380 ll.

248 449 296 497 nn
318 451 516 499 nunnnums
539 451 600 517 ns,
621 450 682 512 um
704 450 937 499 onsrnnunun.

152 577 180 635 1.
210 573 352 635 Domitius
368 572 522 648 Calvinus,
546 591 610 632 cum
625 570 775 632 obsideret
787 571 904 649 Lunam,
920 573 1057 652 oppidum
1068 574 1112 634 Li·

63 678 168 739 gurum
190 677 249 719 non
272 661 327 718 situ
346 668 454 718 tantum
474 667 503 718 et
525 657 664 734 operibus
687 675 788 716 verum
811 660 897 718 etiam
916 669 1112 739 propugnato·

62 764 126 805 rum
147 744 325 821 praestantia
346 751 453 818 tutum,
474 743 590 802 circuiri
606 758 705 799 muros
720 741 892 818 frequenter
907 742 1039 802 omnihus
1062 761 1113 802 co-

62 831 119 907 piis
141 829 263 887 instituit
289 827 467 904 easdemque
493 826 637 885 reducere
667 827 696 883 in
718 835 824 884 castra.
870 824 933 897 Qua
957 837 1111 888 cousuetu-

63 913 130 972 dine
147 912 271 972 inductis
286 913 326 970 ita
339 911 509 989 oppidanis,
526 918 555 969 ut
571 909 726 969 crederent
743 911 960 969 exercitationis
977 912 1005 971 id
1017 914 1111 988 gratia

62 996 167 1056 iacere
189 993 365 1070 Romanum,
396 1003 424 1053 et
446 994 484 1054 ob
506 994 564 1053 hoc
587 992 656 1053 nihil
685 990 721 1051 ab
750 1011 786 1052 eo
806 1002 911 1054 conatu
927 996 1109 1072 caventibus,

62 1099 175 1140 morem
196 1079 276 1139 illum
298 1077 501 1139 obambulandi
525 1080 552 1136 in
571 1077 694 1136 subitum
718 1076 825 1136 direxit
846 1079 999 1155 impetum,
1023 1096 1110 1138 occu·
1193 1076 1199 1096 ⁴

62 1166 199 1243 putisque
220 1163 373 1222 moenibus
402 1163 566 1240 expressit,
591 1170 620 1219 ut
642 1178 674 1219 se
697 1161 778 1237 ipsos
801 1160 943 1220 dederent
964 1163 1109 1240 oppidani.

149 1248 178 1307 2.
220 1246 252 1306 G.
276 1247 389 1306 Duilius
417 1245 519 1306 consul
546 1244 669 1305 subinde
701 1245 870 1303 exercendo
898 1243 1004 1304 milites
1024 1247 1108 1304 remi-

62 1351 177 1410 gesque
201 1341 376 1392 consecutus
403 1340 465 1405 est,
496 1338 542 1405 ut,
572 1329 685 1387 securis
708 1325 996 1406 Carthaginiensibus
1016 1348 1108 1407 usque

62 1419 89 1476 in
112 1417 141 1477 id
160 1425 275 1494 tempus
294 1416 430 1474 innoxiae
445 1413 673 1489 consuetudinis,
694 1412 789 1472 subito
808 1411 923 1474 admota
939 1413 1035 1474 classe
1048 1432 1108 1474 mu·

60 1519 123 1560 rum
143 1509 313 1577 occuparet.

147 1585 176 1645 3.
216 1581 358 1642 Hannibal
378 1583 406 1641 in
428 1580 510 1642 ltalia
527 1581 631 1641 multas
650 1581 739 1641 nrbes
763 1583 858 1661 cepit,
880 1601 944 1642 cum
960 1582 1105 1644 Romano·

61 1687 123 1727 rum
139 1668 236 1728 habitu
254 1667 395 1746 quosdam
410 1684 544 1744 suorum,
567 1666 709 1743 exlongo
726 1666 797 1727 belli
813 1685 866 1726 usn
884 1667 972 1728 latine
989 1685 1106 1746 quoque

61 1752 234 1832 loquentes,
258 1752 468 1830 praemitteret.
1049 1756 1051 1761 '

145 1837 175 1896 4.
220 1835 352 1895 Arcades
379 1834 591 1894 Messeniorum
624 1834 776 1893 castellum
803 1833 990 1911 obsidentes,
1020 1835 1107 1895 factis

60 1920 232 1997 quibusdam
252 1921 339 1978 armis
362 1919 396 1978 ad
415 1918 629 1978 similitudinem
646 1918 810 1992 hostilium,
833 1934 869 1976 eo
892 1928 1025 1996 tempore
1047 1938 1105 1998 quo

59 2022 235 2064 successura
258 2004 315 2064 alia
337 2003 382 2062 his
407 2003 553 2082 praesidia
577 2001 820 2079 exploraverant,
850 2002 982 2060 instructi
1005 2020 1106 2063 eorum

59 2090 108 2165 qui
131 2087 378 2166 exspectabantur
402 2096 505 2146 ornatu
531 2085 707 2162 admissique
735 2102 789 2162 per
817 2084 893 2144 hunc
922 2103 1052 2145 errorem
1075 2097 1105 2146 nt

59 2173 151 2246 socii,
177 2172 397 2250 possessionem
418 2171 476 2230 loci
499 2187 564 2228 cum
585 2177 683 2245 strage
706 2168 830 2227 hostium
853 2169 951 2247 adepti
971 2180 1045 2229 sunt.

144 2257 174 2315 5.
221 2254 321 2315 Cimon
340 2256 397 2314 dux
417 2254 654 2328 Atheniensium,
675 2253 704 2312 in
724 2251 809 2313 Caria
825 2253 975 2313 insidiatus
993 2255 1105 2315 cuidam

58 2340 186 2416 civitati,
214 2339 386 2416 religiosum
415 2338 519 2399 incolis
549 2337 687 2416 templum
713 2337 825 2397 Dianae
853 2336 1025 2416 lucumque,
1057 2341 1105 2418 qui

57 2434 140 2484 extra
161 2441 260 2483 muros
277 2432 356 2500 erat,
380 2433 467 2483 noctu
487 2423 661 2501 improvisus
678 2422 821 2489 incendit:
844 2423 1004 2501 effusisque
1021 2425 1104 2502 oppi-

56 2508 139 2568 danis
164 2507 198 2568 ad
223 2525 310 2586 opem
333 2508 475 2567 adversus
500 2509 585 2584 ignes
605 2507 774 2585 ferendam,
797 2525 919 2568 vacuam
942 2507 1104 2567 defensori-

54 2592 109 2652 bus
131 2592 210 2670 cepit
229 2591 341 2652 urbem.

141 2677 171 2737 6.
215 2675 386 2736 Alcibiades
412 2676 470 2736 dux
491 2675 729 2752 Atheniensium,
760 2695 824 2735 cum
851 2678 996 2737 civitatem
1015 2676 1102 2754 Agri·

54 2763 238 2838 geminorum
259 2761 382 2837 egregie
405 2762 540 2820 munitam
561 2759 728 2835 obsideret,
751 2762 843 2838 petito
862 2761 897 2821 ab
915 2763 958 2821 eis
975 2763 1102 2821 concilio

52 2847 101 2904 diu
121 2854 266 2923 tamquam
289 2844 325 2904 de
347 2844 436 2903 rebus
455 2844 491 2905 ad
514 2861 664 2904 commuue
684 2843 895 2922 pertinentibus
919 2846 1055 2905 disseruit
1074 2848 1103 2906 in

52 2930 185 3004 theatro,
206 2928 255 2988 nbi
278 2946 315 2987 ex
335 2945 416 2988 more
439 2927 617 2988 Graecorum
639 2928 723 2987 locus
751 2928 956 2989 consultationi
978 2930 1102 3007 praebe·

51 3013 153 3074 hatur:
176 3012 300 3090 dumque
324 3013 438 3072 consilii
463 3013 565 3091 specie
588 3020 669 3070 tenet
690 3011 918 3088 multitudinem,
943 3012 1102 3074 Athenien·

52 3116 121 3174 ses,
147 3112 221 3176 quos
238 3096 319 3156 adid
336 3104 584 3175 praeparaverat,
607 3095 810 3155 incustoditam
827 3095 929 3156 urbem
949 3109 1101 3177 ceperunt.
1166 3102 1180 3114 “

138 3183 167 3241 7.
211 3179 426 3258 Epaminondas
440 3180 614 3254 Thebanus,
637 3181 665 3238 in
686 3177 812 3240 Arcadia
835 3180 882 3239 die
904 3181 982 3242 festo
1007 3185 1101 3244 effuse

50 3275 135 3326 extra
147 3266 262 3325 moenia
274 3264 447 3342 vagantibus
459 3264 584 3324 bostium
595 3263 720 3338 leminis,
734 3263 895 3342 plerosque
909 3284 947 3326 ex
961 3267 1102 3327 militibus

49 3352 111 3411 suis
123 3349 257 3410 muliebri
273 3359 375 3409 ornatu
391 3349 561 3409 immiscuit:
585 3364 641 3424 qiua
654 3345 837 3408 simulatione
851 3348 893 3408 illi
909 3351 983 3411 intra
999 3361 1100 3428 portas

49 3433 104 3495 sub
129 3443 246 3494 noctem
268 3439 399 3513 recepti,
428 3441 572 3511 oeperunt
594 3431 732 3511 oppidum
756 3441 784 3493 et
806 3433 865 3492 suis
889 3442 1079 3512 aperuerunt.
