2438 3848
342 207 344 211 ,
416 172 492 222 SEX.
516 173 603 223 IULII
624 171 794 233 ottonum!

474 326 625 389 CAPUT
647 326 742 388 Vllt.

329 463 377 508 on
398 459 675 508 nrsrnruuuuors
702 456 887 505 uosrrsus.

173 583 200 643 1.
245 579 439 656 Coriolanus,
463 598 528 639 cum
550 580 734 658 ignominiam
749 578 939 638 damnationis
962 596 1034 638 suae
1048 577 1130 639 bello

83 666 288 743 ulcisceretur,
302 665 520 745 populationem
532 665 718 742 patriciorum
729 680 865 739 agrorum
876 661 1009 738 inhibuit,
1019 663 1130 722 deustis

85 751 266 827 vastatisque
287 749 482 828 plebeiorum,
501 757 531 808 ut
544 748 719 808 discordiam
736 755 880 823 moveret,
897 764 955 826 qua
967 764 1130 820 consensus

82 833 279 893 Romanorum
299 834 530 909 distringeretur.

171 915 201 975 2.
244 916 386 977 Hannibal
410 916 548 992 Fabium,
573 916 618 975 oui
645 934 741 994 neque
765 916 870 975 virtute
899 932 995 994 neque
1021 913 1131 974 artibus

85 1000 214 1061 bellandi
235 1019 288 1080 par
310 1009 389 1076 erat,
408 999 564 1060 utiniamia
577 1000 789 1076 destringeret,
808 1000 887 1076 agris
904 999 967 1058 eius
983 998 1130 1072 abstinuit,

87 1093 207 1145 ceteros
226 1086 392 1164 populatus.
439 1081 547 1144 Contra
568 1084 635 1159 ille,
654 1102 691 1142 ne
709 1092 847 1161 suspecta
863 1081 975 1142 civibus
991 1082 1065 1141 fides
1085 1100 1130 1140 es-

87 1178 151 1246 set,
175 1169 369 1246 magnitudine
388 1169 472 1228 animi
491 1168 606 1244 effecit,
631 1167 786 1246 publicatis
806 1166 1044 1245 possessionibus
1061 1166 1130 1225 suis.

173 1254 202 1314 3.
246 1253 353 1315 Fabius
369 1252 510 1313 Maximus
523 1253 620 1330 quinto
636 1251 739 1312 consul
753 1270 817 1311 cum
830 1251 993 1326 Gallorum,
1008 1249 1132 1310 Umbro·

88 1356 167 1414 rum,
190 1337 381 1398 Etruscorum
403 1337 629 1414 Samnitiumque
652 1336 792 1396 adversus
818 1335 956 1414 populum
973 1334 1132 1394 Romanum

89 1422 238 1480 exercitus
262 1423 407 1495 coissent,
436 1428 537 1479 contra
558 1437 632 1497 quos
654 1429 684 1479 et
711 1421 776 1498 ipse
799 1429 878 1479 trans
900 1418 1083 1497 Apenninum
1104 1419 1132 1477 in

89 1505 238 1565 Sentinate
255 1514 350 1564 castra
368 1501 595 1578 communiebat,
615 1505 733 1581 scripsit
745 1502 847 1563 Fulvio
862 1512 891 1562 et
903 1502 1067 1578 Postumio,
1085 1502 1132 1579 qui

88 1587 237 1668 praesidio
255 1587 319 1646 urbi
337 1596 434 1662 erant,
451 1588 552 1664 copias
571 1588 606 1647 ad
624 1587 750 1647 Asisium
761 1596 923 1647 moverent.
957 1586 1068 1660 Quibus
1085 1585 1132 1646 ad-

91 1672 218 1747 secutis,
242 1672 278 1731 ad
301 1689 352 1730 sua
375 1671 558 1731 defendenda
581 1671 698 1731 Etrusci
719 1671 879 1750 Umbrique
902 1671 1132 1731 descenderunt:

11 1808 14 1811 ,
88 1756 211 1816 relictos
229 1756 373 1816 Samnites
392 1753 551 1834 Gallosque
568 1754 674 1816 Fabius
696 1765 725 1816 et
742 1755 859 1833 collega
873 1754 983 1815 Decius
999 1756 1134 1832 adgressi

89 1842 233 1900 vicerunt.

175 1924 205 1984 4.
250 1922 298 1984 Μ’.
326 1923 430 1985 Curius
458 1925 599 1984 adversus
623 1923 764 2001 Sabinos,
793 1924 842 2002 qui
864 1924 974 2001 ingenti
1000 1925 1133 1982 exercitu

92 2010 261 2087 conscripto
284 2009 396 2070 relictis
415 2009 519 2069 finibus
540 2010 600 2069 suis
615 2018 733 2068 nostros
753 2017 986 2086 occupaverant,
1008 2008 1134 2067 occultis

90 2093 242 2153 itineribus
256 2112 367 2154 manum
383 2096 475 2171 misit,
498 2111 573 2171 qnae
594 2093 747 2153 desolatos
769 2110 858 2170 agros
875 2110 976 2152 eorum
991 2093 1134 2171 vicosque

91 2195 147 2257 per
165 2178 282 2239 diversa
303 2179 440 2239 incendit.
486 2177 584 2237 Sabini
607 2177 643 2236 ad
664 2178 819 2238 arcendam
842 2177 1032 2237 domesticam
1047 2177 1135 2236 vasti·

90 2270 179 2320 tatem
203 2271 407 2321 recesserunt:
442 2259 530 2320 Curio
558 2263 701 2337 contigit,
728 2270 759 2321 et
784 2279 895 2320 vacuos
918 2260 1058 2320 iniectare
1083 2260 1134 2318 bo·

92 2345 176 2403 stium
195 2345 285 2419 lines,
311 2354 340 2405 et
365 2346 527 2404 exercitum
557 2347 618 2404 sine
637 2346 752 2424 proelio
779 2355 914 2406 avertere
942 2362 1135 2423 sparsumque

94 2428 232 2488 caedere.

179 2512 209 2573 5.
255 2510 287 2573 Τ.
300 2511 402 2572 Didius
425 2513 570 2591 paucitate
589 2530 706 2573 suorum
728 2513 877 2588 diflidens,
902 2530 966 2572 cum
982 2513 1012 2571 in
1029 2512 1136 2572 adven·

92 2605 152 2655 tum
175 2613 273 2657 earum
296 2597 461 2673 legionum,
486 2615 558 2676 quas
585 2597 795 2677 exspectabat,
824 2597 954 2657 traheret
976 2595 1086 2656 bellum
1109 2604 1138 2654 ct

93 2698 253 2739 occurrere
277 2681 319 2739 eis
338 2681 453 2742 hostem
477 2684 688 2760 comperisset,
716 2683 860 2741 concione
883 2682 1027 2741 advocata
1045 2679 1139 2759 aptari

93 2766 177 2823 iussit
194 2764 299 2823 milites
318 2763 354 2824 ad
374 2783 517 2843 pugnam,
538 2784 573 2825 ac
597 2767 634 2826 de
655 2767 794 2826 industria
817 2766 1015 2842 negligentius
1039 2773 1137 2824 custo·

93 2848 148 2908 diri
166 2850 313 2926 captivos:
339 2865 376 2906 ex
394 2849 497 2927 quibus
511 2851 610 2928 pauci,
636 2852 684 2928 qni
707 2849 915 2929 profugerant,
936 2849 1139 2908 nuntiaverunt

94 2933 155 2991 suis
176 2949 302 3009 pugnam
319 2932 478 2994 imminere.
523 2934 561 2994 At
582 2935 642 3010 illi,
660 2953 697 2993 ne
719 2935 909 3012 suspectione
931 2932 1038 3009 proelii
1057 2932 1139 2992 didu-

95 3023 196 3075 cerent
218 3018 313 3090 vires,
337 3018 495 3078 omiserunt
519 3036 677 3078 occurrere
701 3019 760 3092 eis,
785 3018 889 3095 quibus
913 3015 1139 3077 insidiabantur:

94 3099 230 3176 legiones
247 3101 389 3160 tutissime
406 3102 486 3162 nullo
504 3104 670 3180 excipiente
688 3101 724 3160 ad
739 3101 853 3162 Didium
869 3109 1077 3180 pervenerunt.

181 3181 211 3242 6.
256 3183 339 3243 Bello
355 3184 462 3246 Punico
481 3187 623 3264 quaedam
640 3187 792 3261 civitates,
814 3203 889 3263 quae
905 3184 1073 3246 aRomanis
1088 3184 1140 3246 de·

94 3267 186 3326 licere
206 3267 241 3328 ad
259 3267 374 3329 Poenos
391 3269 628 3345 destinaverant,
645 3287 709 3330 curn
733 3269 853 3329 obsides
876 3269 1043 3343 dedissent,
1065 3286 1140 3346 quos

95 3350 233 3429 recipere
250 3362 403 3431 antequam
426 3354 627 3415 desciscerent
646 3353 816 3429 studebant,
838 3353 1046 3414 simulaverunt
1063 3353 1140 3414 sedi-

96 3437 204 3496 tionem
219 3437 293 3498 inter
307 3437 443 3499 finitimos
459 3447 567 3516 ortam,
583 3455 667 3518 quam
683 3437 878 3499 Romanorum
895 3436 987 3516 legati
1002 3437 1141 3500 dirimere
