<?xml version="1.0" encoding="UTF-8"?>
<!DOCTYPE html PUBLIC "-//W3C//DTD XHTML 1.0 Transitional//EN"
    "http://www.w3.org/TR/xhtml1/DTD/xhtml1-transitional.dtd">
<html xmlns="http://www.w3.org/1999/xhtml" xml:lang="en" lang="en">
 <head>
  <title>
</title>
<meta http-equiv="Content-Type" content="text/html;charset=utf-8" />
  <meta name='ocr-system' content='tesseract 3.04.00' />
  <meta name='ocr-capabilities' content='ocr_page ocr_carea ocr_par ocr_line ocrx_word'/>
</head>
<body>
  <div class='ocr_page' id='page_1' title='image "./strategematicon00dedegoog_0086.png"; bbox 0 0 2438 3848; ppageno 0'>
   <div class='ocr_carea' id='block_1_1' title="bbox 227 157 1107 223">
    <p class='ocr_par' dir='ltr' id='par_1_1' title="bbox 227 157 1107 223">
     <span class='ocr_line' id='line_1_1' title="bbox 227 157 1107 223; baseline -0.002 -2"><span class='ocrx_word' id='word_1_1' title='bbox 227 168 712 223; x_wconf 81' lang='grc'><strong>111111111111111111.11.</strong></span> <span class='ocrx_word' id='word_1_2' title='bbox 735 170 811 221; x_wconf 79' lang='lat' dir='ltr'>car.</span> <span class='ocrx_word' id='word_1_3' title='bbox 826 172 861 219; x_wconf 91' lang='lat' dir='ltr'>rr.</span> <span class='ocrx_word' id='word_1_4' title='bbox 870 173 922 221; x_wconf 90' lang='lat'><strong>111.</strong></span> <span class='ocrx_word' id='word_1_5' title='bbox 1067 157 1107 219; x_wconf 82' lang='lat'>63</span> 
     </span>
    </p>
   </div>
   <div class='ocr_carea' id='block_1_2' title="bbox 61 325 1108 474">
    <p class='ocr_par' dir='ltr' id='par_1_2' title="bbox 61 325 1108 474">
     <span class='ocr_line' id='line_1_2' title="bbox 61 325 1108 406; baseline -0.004 -17"><span class='ocrx_word' id='word_1_6' title='bbox 61 330 160 389; x_wconf 86' lang='lat' dir='ltr'>caesis</span> <span class='ocrx_word' id='word_1_7' title='bbox 188 329 303 406; x_wconf 87' lang='lat' dir='ltr'>aperuit</span> <span class='ocrx_word' id='word_1_8' title='bbox 336 326 479 386; x_wconf 86' lang='lat' dir='ltr'>exercitui</span> <span class='ocrx_word' id='word_1_9' title='bbox 509 326 639 386; x_wconf 88' lang='lat' dir='ltr'>Romano</span> <span class='ocrx_word' id='word_1_10' title='bbox 668 325 771 386; x_wconf 89' lang='lat' dir='ltr'>urbem</span> <span class='ocrx_word' id='word_1_11' title='bbox 803 327 948 387; x_wconf 92' lang='lat' dir='ltr'>nobilibus</span> <span class='ocrx_word' id='word_1_12' title='bbox 977 327 1108 387; x_wconf 90' lang='lat' dir='ltr'>victoriis</span> 
     </span>
     <span class='ocr_line' id='line_1_3' title="bbox 62 414 181 474; baseline -0.017 -2"><span class='ocrx_word' id='word_1_13' title='bbox 62 414 181 474; x_wconf 87' lang='lat' dir='ltr'>claram.</span> 
     </span>
    </p>
   </div>
   <div class='ocr_carea' id='block_1_3' title="bbox 62 510 1114 928">
    <p class='ocr_par' dir='ltr' id='par_1_3' title="bbox 62 510 1114 928">
     <span class='ocr_line' id='line_1_4' title="bbox 151 510 1107 589; baseline -0.001 -19"><span class='ocrx_word' id='word_1_14' title='bbox 151 510 179 571; x_wconf 90' lang='lat'>3.</span> <span class='ocrx_word' id='word_1_15' title='bbox 225 510 397 589; x_wconf 79' lang='lat' dir='ltr'><strong>Tarquinius</strong></span> <span class='ocrx_word' id='word_1_16' title='bbox 414 511 577 588; x_wconf 79' lang='lat' dir='ltr'>Superbus,</span> <span class='ocrx_word' id='word_1_17' title='bbox 603 531 667 572; x_wconf 90' lang='lat' dir='ltr'>cum</span> <span class='ocrx_word' id='word_1_18' title='bbox 684 511 793 572; x_wconf 84' lang='lat' dir='ltr'>Gabios</span> <span class='ocrx_word' id='word_1_19' title='bbox 817 513 844 571; x_wconf 92' lang='lat' dir='ltr'>in</span> <span class='ocrx_word' id='word_1_20' title='bbox 860 513 1036 571; x_wconf 91' lang='lat' dir='ltr'>deditionem</span> <span class='ocrx_word' id='word_1_21' title='bbox 1060 528 1107 569; x_wconf 88' lang='lat' dir='ltr'>ac·</span> 
     </span>
     <span class='ocr_line' id='line_1_5' title="bbox 62 594 1109 675; baseline -0.003 -19"><span class='ocrx_word' id='word_1_22' title='bbox 62 599 166 675; x_wconf 81' lang='lat' dir='ltr'>cipere</span> <span class='ocrx_word' id='word_1_23' title='bbox 198 613 256 654; x_wconf 94' lang='lat' dir='ltr'>non</span> <span class='ocrx_word' id='word_1_24' title='bbox 289 605 411 675; x_wconf 87' lang='lat' dir='ltr'>posset,</span> <span class='ocrx_word' id='word_1_25' title='bbox 443 597 531 655; x_wconf 91' lang='lat' dir='ltr'>lilium</span> <span class='ocrx_word' id='word_1_26' title='bbox 559 615 640 656; x_wconf 91' lang='lat' dir='ltr'>suum</span> <span class='ocrx_word' id='word_1_27' title='bbox 671 598 791 658; x_wconf 86' lang='lat' dir='ltr'>Sextum</span> <span class='ocrx_word' id='word_1_28' title='bbox 821 615 939 656; x_wconf 91' lang='lat' dir='ltr'>caesum</span> <span class='ocrx_word' id='word_1_29' title='bbox 959 597 1050 672; x_wconf 85' lang='lat' dir='ltr'>virgis</span> <span class='ocrx_word' id='word_1_30' title='bbox 1073 594 1109 653; x_wconf 93' lang='lat' dir='ltr'>ad</span> 
     </span>
     <span class='ocr_line' id='line_1_6' title="bbox 63 679 1107 759; baseline -0.004 -19"><span class='ocrx_word' id='word_1_31' title='bbox 63 681 180 740; x_wconf 78' lang='lat' dir='ltr'><strong>hostem</strong></span> <span class='ocrx_word' id='word_1_32' title='bbox 207 681 293 739; x_wconf 90' lang='lat' dir='ltr'>misit.</span> <span class='ocrx_word' id='word_1_33' title='bbox 333 680 361 740; x_wconf 93' lang='lat' dir='ltr'>ls</span> <span class='ocrx_word' id='word_1_34' title='bbox 389 683 519 740; x_wconf 91' lang='lat' dir='ltr'>incusata</span> <span class='ocrx_word' id='word_1_35' title='bbox 542 682 633 758; x_wconf 88' lang='lat' dir='ltr'>patris</span> <span class='ocrx_word' id='word_1_36' title='bbox 660 683 782 741; x_wconf 92' lang='lat' dir='ltr'>saevitia</span> <span class='ocrx_word' id='word_1_37' title='bbox 809 683 953 759; x_wconf 81' lang='lat' dir='ltr'>persuasit</span> <span class='ocrx_word' id='word_1_38' title='bbox 978 679 1107 753; x_wconf 84' lang='lat' dir='ltr'>Gabinis,</span> 
     </span>
     <span class='ocr_line' id='line_1_7' title="bbox 63 765 1109 841; baseline -0.003 -16"><span class='ocrx_word' id='word_1_39' title='bbox 63 767 133 825; x_wconf 93' lang='lat' dir='ltr'>odio</span> <span class='ocrx_word' id='word_1_40' title='bbox 149 781 203 823; x_wconf 92' lang='lat' dir='ltr'>suo</span> <span class='ocrx_word' id='word_1_41' title='bbox 222 765 363 824; x_wconf 89' lang='lat' dir='ltr'>adversus</span> <span class='ocrx_word' id='word_1_42' title='bbox 380 783 482 841; x_wconf 81' lang='lat' dir='ltr'>regem</span> <span class='ocrx_word' id='word_1_43' title='bbox 503 773 669 834; x_wconf 89' lang='lat' dir='ltr'>uterentur;</span> <span class='ocrx_word' id='word_1_44' title='bbox 693 775 722 825; x_wconf 89' lang='grc'>11</span> <span class='ocrx_word' id='word_1_45' title='bbox 737 765 794 825; x_wconf 85' lang='lat' dir='ltr'>dux</span> <span class='ocrx_word' id='word_1_46' title='bbox 815 765 851 825; x_wconf 91' lang='lat' dir='ltr'>ad</span> <span class='ocrx_word' id='word_1_47' title='bbox 867 765 977 826; x_wconf 91' lang='lat' dir='ltr'>bellum</span> <span class='ocrx_word' id='word_1_48' title='bbox 996 765 1109 825; x_wconf 88' lang='lat' dir='ltr'>electus</span> 
     </span>
     <span class='ocr_line' id='line_1_8' title="bbox 62 848 1114 928; baseline -0.002 -20"><span class='ocrx_word' id='word_1_49' title='bbox 62 850 180 909; x_wconf 78' lang='lat' dir='ltr'>tradidit</span> <span class='ocrx_word' id='word_1_50' title='bbox 204 850 276 928; x_wconf 90' lang='lat' dir='ltr'>patri</span> <span class='ocrx_word' id='word_1_51' title='bbox 297 848 416 908; x_wconf 87' lang='lat' dir='ltr'>Gabios.</span> <span class='ocrx_word' id='word_1_52' title='bbox 1111 881 1114 886; x_wconf 92' lang='lat'><em>·</em></span> 
     </span>
    </p>
   </div>
   <div class='ocr_carea' id='block_1_4' title="bbox 62 947 1116 1447">
    <p class='ocr_par' dir='ltr' id='par_1_4' title="bbox 62 947 1116 1447">
     <span class='ocr_line' id='line_1_9' title="bbox 149 947 1109 1029; baseline -0.002 -21"><span class='ocrx_word' id='word_1_53' title='bbox 149 950 179 1008; x_wconf 91' lang='grc'>4.</span> <span class='ocrx_word' id='word_1_54' title='bbox 224 948 340 1007; x_wconf 82' lang='lat' dir='ltr'>Dareus</span> <span class='ocrx_word' id='word_1_55' title='bbox 362 947 516 1007; x_wconf 83' lang='lat' dir='ltr'>Persarum</span> <span class='ocrx_word' id='word_1_56' title='bbox 538 967 592 1007; x_wconf 84' lang='lat' dir='ltr'>rex</span> <span class='ocrx_word' id='word_1_57' title='bbox 615 969 696 1008; x_wconf 90' lang='lat' dir='ltr'>suum</span> <span class='ocrx_word' id='word_1_58' title='bbox 719 951 854 1010; x_wconf 88' lang='lat' dir='ltr'>comitem</span> <span class='ocrx_word' id='word_1_59' title='bbox 877 950 1034 1029; x_wconf 78' lang='lat' dir='ltr'>Zopyrum,</span> <span class='ocrx_word' id='word_1_60' title='bbox 1059 966 1109 1006; x_wconf 85' lang='lat' dir='ltr'>ex·</span> 
     </span>
     <span class='ocr_line' id='line_1_10' title="bbox 64 1033 1109 1113; baseline -0.003 -20"><span class='ocrx_word' id='word_1_61' title='bbox 64 1035 181 1113; x_wconf 89' lang='lat' dir='ltr'>plorata</span> <span class='ocrx_word' id='word_1_62' title='bbox 203 1035 265 1092; x_wconf 90' lang='lat' dir='ltr'>eius</span> <span class='ocrx_word' id='word_1_63' title='bbox 289 1033 365 1106; x_wconf 89' lang='lat' dir='ltr'>lide,</span> <span class='ocrx_word' id='word_1_64' title='bbox 389 1041 518 1092; x_wconf 90' lang='lat' dir='ltr'>truncata</span> <span class='ocrx_word' id='word_1_65' title='bbox 538 1033 574 1092; x_wconf 89' lang='lat' dir='ltr'>de</span> <span class='ocrx_word' id='word_1_66' title='bbox 596 1035 734 1093; x_wconf 91' lang='lat' dir='ltr'>industria</span> <span class='ocrx_word' id='word_1_67' title='bbox 749 1035 825 1094; x_wconf 89' lang='grc'><strong>11111</strong></span> <span class='ocrx_word' id='word_1_68' title='bbox 852 1035 1009 1094; x_wconf 78' lang='grc'><strong>11111111</strong></span> <span class='ocrx_word' id='word_1_69' title='bbox 1031 1033 1109 1092; x_wconf 91' lang='lat' dir='ltr'>dimi·</span> 
     </span>
     <span class='ocr_line' id='line_1_11' title="bbox 64 1108 1110 1194; baseline -0.003 -18"><span class='ocrx_word' id='word_1_70' title='bbox 64 1121 110 1177; x_wconf 85' lang='lat' dir='ltr'>sit.</span> <span class='ocrx_word' id='word_1_71' title='bbox 156 1117 229 1194; x_wconf 80' lang='lat' dir='ltr'>tlte,</span> <span class='ocrx_word' id='word_1_72' title='bbox 256 1108 426 1176; x_wconf 82' lang='lat' dir='ltr'>absentante</span> <span class='ocrx_word' id='word_1_73' title='bbox 452 1118 617 1176; x_wconf 93' lang='lat' dir='ltr'>iniuriarum</span> <span class='ocrx_word' id='word_1_74' title='bbox 643 1118 718 1193; x_wconf 78' lang='lat' dir='ltr'>fide,</span> <span class='ocrx_word' id='word_1_75' title='bbox 748 1120 876 1178; x_wconf 89' lang='lat' dir='ltr'>creditus</span> <span class='ocrx_word' id='word_1_76' title='bbox 898 1118 1110 1177; x_wconf 87' lang='lat' dir='ltr'>inimicissimus</span> 
     </span>
     <span class='ocr_line' id='line_1_12' title="bbox 62 1196 1110 1280; baseline -0.004 -20"><span class='ocrx_word' id='word_1_77' title='bbox 62 1202 179 1276; x_wconf 86' lang='lat' dir='ltr'>Dareo,</span> <span class='ocrx_word' id='word_1_78' title='bbox 207 1219 270 1261; x_wconf 91' lang='lat' dir='ltr'>cum</span> <span class='ocrx_word' id='word_1_79' title='bbox 294 1199 368 1260; x_wconf 92' lang='lat' dir='ltr'>hanc</span> <span class='ocrx_word' id='word_1_80' title='bbox 392 1201 614 1279; x_wconf 85' lang='lat' dir='ltr'>persuasionem</span> <span class='ocrx_word' id='word_1_81' title='bbox 641 1196 792 1261; x_wconf 81' lang='lat' dir='ltr'>adiuvaret</span> <span class='ocrx_word' id='word_1_82' title='bbox 820 1202 1019 1280; x_wconf 90' lang='lat' dir='ltr'>procurrendo</span> <span class='ocrx_word' id='word_1_83' title='bbox 1043 1217 1110 1276; x_wconf 93' lang='lat' dir='ltr'>pro·</span> 
     </span>
     <span class='ocr_line' id='line_1_13' title="bbox 64 1284 1116 1365; baseline -0.003 -21"><span class='ocrx_word' id='word_1_84' title='bbox 64 1288 130 1365; x_wconf 93' lang='lat' dir='ltr'>pius</span> <span class='ocrx_word' id='word_1_85' title='bbox 147 1284 280 1361; x_wconf 88' lang='lat' dir='ltr'>hostem,</span> <span class='ocrx_word' id='word_1_86' title='bbox 302 1287 437 1363; x_wconf 87' lang='lat' dir='ltr'>quotiens</span> <span class='ocrx_word' id='word_1_87' title='bbox 458 1285 522 1344; x_wconf 87' lang='lat' dir='ltr'>acie</span> <span class='ocrx_word' id='word_1_88' title='bbox 543 1286 761 1361; x_wconf 77' lang='lat' dir='ltr'>decertaretur,</span> <span class='ocrx_word' id='word_1_89' title='bbox 785 1295 814 1344; x_wconf 93' lang='lat' dir='ltr'>et</span> <span class='ocrx_word' id='word_1_90' title='bbox 836 1287 863 1344; x_wconf 93' lang='lat' dir='ltr'>iu</span> <span class='ocrx_word' id='word_1_91' title='bbox 885 1304 950 1345; x_wconf 92' lang='lat' dir='ltr'>eum</span> <span class='ocrx_word' id='word_1_92' title='bbox 971 1285 1028 1344; x_wconf 90' lang='lat' dir='ltr'>tela</span> <span class='ocrx_word' id='word_1_93' title='bbox 1044 1284 1116 1342; x_wconf 72' lang='lat' dir='ltr'>diri·&#39;</span> 
     </span>
     <span class='ocr_line' id='line_1_14' title="bbox 63 1368 1110 1447; baseline -0.003 -18"><span class='ocrx_word' id='word_1_94' title='bbox 63 1370 180 1447; x_wconf 79' lang='lat' dir='ltr'>gendo,</span> <span class='ocrx_word' id='word_1_95' title='bbox 205 1372 387 1429; x_wconf 86' lang='lat' dir='ltr'>commissam</span> <span class='ocrx_word' id='word_1_96' title='bbox 415 1368 470 1428; x_wconf 92' lang='lat' dir='ltr'>sibi</span> <span class='ocrx_word' id='word_1_97' title='bbox 491 1369 714 1445; x_wconf 77' lang='lat' dir='ltr'>Babyloniorum</span> <span class='ocrx_word' id='word_1_98' title='bbox 743 1370 844 1429; x_wconf 91' lang='lat' dir='ltr'>urbem</span> <span class='ocrx_word' id='word_1_99' title='bbox 866 1369 981 1429; x_wconf 90' lang='lat' dir='ltr'>tradidit</span> <span class='ocrx_word' id='word_1_100' title='bbox 1001 1368 1110 1427; x_wconf 89' lang='lat' dir='ltr'>Dareo.</span> 
     </span>
    </p>
   </div>
   <div class='ocr_carea' id='block_1_5' title="bbox 59 1467 1115 1888">
    <p class='ocr_par' dir='ltr' id='par_1_5' title="bbox 59 1467 1115 1888">
     <span class='ocr_line' id='line_1_15' title="bbox 152 1467 1115 1549; baseline -0.003 -18"><span class='ocrx_word' id='word_1_101' title='bbox 152 1473 181 1531; x_wconf 91' lang='lat'>5.</span> <span class='ocrx_word' id='word_1_102' title='bbox 229 1471 397 1549; x_wconf 92' lang='lat' dir='ltr'>Philippus,</span> <span class='ocrx_word' id='word_1_103' title='bbox 429 1468 537 1547; x_wconf 91' lang='lat' dir='ltr'>oppido</span> <span class='ocrx_word' id='word_1_104' title='bbox 569 1469 721 1529; x_wconf 89' lang='lat' dir='ltr'>Saniorum</span> <span class='ocrx_word' id='word_1_105' title='bbox 757 1471 911 1546; x_wconf 86' lang='lat' dir='ltr'>exclusus,</span> <span class='ocrx_word' id='word_1_106' title='bbox 941 1467 1115 1548; x_wconf 85' lang='lat' dir='ltr'>Apollonidi</span> 
     </span>
     <span class='ocr_line' id='line_1_16' title="bbox 59 1553 1111 1637; baseline -0.003 -22"><span class='ocrx_word' id='word_1_107' title='bbox 59 1555 219 1636; x_wconf 85' lang='lat' dir='ltr'>praefecto</span> <span class='ocrx_word' id='word_1_108' title='bbox 244 1572 343 1614; x_wconf 88' lang='lat' dir='ltr'>eorum</span> <span class='ocrx_word' id='word_1_109' title='bbox 368 1554 403 1637; x_wconf 90' lang='lat' dir='ltr'>ad</span> <span class='ocrx_word' id='word_1_110' title='bbox 422 1553 617 1632; x_wconf 83' lang='lat' dir='ltr'>proditionem</span> <span class='ocrx_word' id='word_1_111' title='bbox 635 1567 774 1634; x_wconf 90' lang='lat' dir='ltr'>corrupto</span> <span class='ocrx_word' id='word_1_112' title='bbox 798 1558 954 1636; x_wconf 91' lang='lat' dir='ltr'>persuasit,</span> <span class='ocrx_word' id='word_1_113' title='bbox 978 1564 1007 1614; x_wconf 93' lang='lat' dir='ltr'>ut</span> <span class='ocrx_word' id='word_1_114' title='bbox 1030 1555 1111 1633; x_wconf 93' lang='lat' dir='ltr'>plau-</span> 
     </span>
     <span class='ocr_line' id='line_1_17' title="bbox 65 1639 1111 1720; baseline -0.004 -20"><span class='ocrx_word' id='word_1_115' title='bbox 65 1651 156 1700; x_wconf 92' lang='lat' dir='ltr'>strum</span> <span class='ocrx_word' id='word_1_116' title='bbox 179 1640 277 1718; x_wconf 92' lang='lat' dir='ltr'>lapide</span> <span class='ocrx_word' id='word_1_117' title='bbox 298 1639 438 1718; x_wconf 89' lang='lat' dir='ltr'>quadrato</span> <span class='ocrx_word' id='word_1_118' title='bbox 458 1647 608 1698; x_wconf 91' lang='lat' dir='ltr'>oneratum</span> <span class='ocrx_word' id='word_1_119' title='bbox 623 1640 651 1698; x_wconf 95' lang='lat' dir='ltr'>in</span> <span class='ocrx_word' id='word_1_120' title='bbox 666 1641 731 1718; x_wconf 92' lang='lat' dir='ltr'>ipso</span> <span class='ocrx_word' id='word_1_121' title='bbox 750 1642 827 1701; x_wconf 89' lang='lat' dir='ltr'>aditu</span> <span class='ocrx_word' id='word_1_122' title='bbox 849 1651 951 1720; x_wconf 87' lang='lat' dir='ltr'>portae</span> <span class='ocrx_word' id='word_1_123' title='bbox 970 1648 1111 1718; x_wconf 86' lang='lat' dir='ltr'>poneret;</span> 
     </span>
     <span class='ocr_line' id='line_1_18' title="bbox 65 1723 1111 1804; baseline -0.001 -22"><span class='ocrx_word' id='word_1_124' title='bbox 65 1734 94 1784; x_wconf 90' lang='lat' dir='ltr'>et</span> <span class='ocrx_word' id='word_1_125' title='bbox 117 1725 272 1785; x_wconf 85' lang='lat' dir='ltr'>confestim</span> <span class='ocrx_word' id='word_1_126' title='bbox 296 1725 380 1800; x_wconf 83' lang='lat' dir='ltr'>signo</span> <span class='ocrx_word' id='word_1_127' title='bbox 403 1723 469 1782; x_wconf 89' lang='lat' dir='ltr'>dato</span> <span class='ocrx_word' id='word_1_128' title='bbox 495 1724 661 1798; x_wconf 87' lang='lat' dir='ltr'>insecutus,</span> <span class='ocrx_word' id='word_1_129' title='bbox 685 1727 851 1804; x_wconf 85' lang='lat' dir='ltr'>oppidanos</span> <span class='ocrx_word' id='word_1_130' title='bbox 873 1727 951 1785; x_wconf 91' lang='lat' dir='ltr'>circa</span> <span class='ocrx_word' id='word_1_131' title='bbox 975 1725 1111 1802; x_wconf 90' lang='lat' dir='ltr'>impedita</span> 
     </span>
     <span class='ocr_line' id='line_1_19' title="bbox 65 1807 703 1888; baseline -0.006 -19"><span class='ocrx_word' id='word_1_132' title='bbox 65 1818 170 1888; x_wconf 89' lang='lat' dir='ltr'>portae</span> <span class='ocrx_word' id='word_1_133' title='bbox 193 1809 320 1868; x_wconf 88' lang='lat' dir='ltr'>claustra</span> <span class='ocrx_word' id='word_1_134' title='bbox 344 1807 522 1886; x_wconf 87' lang='lat' dir='ltr'>trepidantes</span> <span class='ocrx_word' id='word_1_135' title='bbox 545 1807 703 1886; x_wconf 91' lang='lat' dir='ltr'>obpressit.</span> 
     </span>
    </p>
   </div>
   <div class='ocr_carea' id='block_1_6' title="bbox 64 1906 1168 2916">
    <p class='ocr_par' dir='ltr' id='par_1_6' title="bbox 64 1906 1168 2916">
     <span class='ocr_line' id='line_1_20' title="bbox 152 1906 1112 1987; baseline -0.004 -17"><span class='ocrx_word' id='word_1_136' title='bbox 152 1910 182 1970; x_wconf 90' lang='grc'><strong>6</strong></span> <span class='ocrx_word' id='word_1_137' title='bbox 225 1909 367 1969; x_wconf 90' lang='lat' dir='ltr'>Hannibal</span> <span class='ocrx_word' id='word_1_138' title='bbox 397 1908 472 1987; x_wconf 90' lang='lat' dir='ltr'>apud</span> <span class='ocrx_word' id='word_1_139' title='bbox 502 1906 674 1983; x_wconf 87' lang='lat' dir='ltr'>&#39;lar,entnm</span> <span class='ocrx_word' id='word_1_140' title='bbox 704 1927 779 1987; x_wconf 88' lang='lat' dir='ltr'>quae</span> <span class='ocrx_word' id='word_1_141' title='bbox 804 1911 952 1985; x_wconf 88' lang='lat' dir='ltr'>praesidio</span> <span class='ocrx_word' id='word_1_142' title='bbox 981 1909 1112 1967; x_wconf 88' lang='lat' dir='ltr'>Romano</span> 
     </span>
     <span class='ocr_line' id='line_1_21' title="bbox 65 1990 1113 2070; baseline -0.004 -16"><span class='ocrx_word' id='word_1_143' title='bbox 65 1995 140 2054; x_wconf 89' lang='lat' dir='ltr'>duce</span> <span class='ocrx_word' id='word_1_144' title='bbox 161 1993 242 2053; x_wconf 90' lang='lat' dir='ltr'>Lrvro</span> <span class='ocrx_word' id='word_1_145' title='bbox 259 1993 428 2068; x_wconf 89' lang='lat' dir='ltr'>tenebatur</span> <span class='ocrx_word' id='word_1_146' title='bbox 450 1990 617 2050; x_wconf 87' lang='lat' dir='ltr'>Cononeum</span> <span class='ocrx_word' id='word_1_147' title='bbox 634 1993 786 2069; x_wconf 87' lang='lat' dir='ltr'>quemdam</span> <span class='ocrx_word' id='word_1_148' title='bbox 802 1993 1002 2067; x_wconf 86' lang='lat' dir='ltr'>Tarentinum,</span> <span class='ocrx_word' id='word_1_149' title='bbox 1027 2011 1113 2070; x_wconf 89' lang='lat' dir='ltr'>quem</span> 
     </span>
     <span class='ocr_line' id='line_1_22' title="bbox 65 2056 1168 2157; baseline -0.005 -18"><span class='ocrx_word' id='word_1_150' title='bbox 65 2080 101 2139; x_wconf 86' lang='lat' dir='ltr'>ad</span> <span class='ocrx_word' id='word_1_151' title='bbox 121 2056 328 2157; x_wconf 62' lang='lat' dir='ltr'>proditionem·</span> <span class='ocrx_word' id='word_1_152' title='bbox 338 2077 569 2151; x_wconf 87' lang='lat' dir='ltr'>sollicitaverat,</span> <span class='ocrx_word' id='word_1_153' title='bbox 596 2077 737 2136; x_wconf 90' lang='lat' dir='ltr'>eiusmodi</span> <span class='ocrx_word' id='word_1_154' title='bbox 765 2076 882 2136; x_wconf 87' lang='lat' dir='ltr'>fallacia</span> <span class='ocrx_word' id='word_1_155' title='bbox 912 2078 1061 2151; x_wconf 89' lang='lat' dir='ltr'>instruxit,</span> <span class='ocrx_word' id='word_1_156' title='bbox 1082 2085 1113 2135; x_wconf 94' lang='lat' dir='ltr'>ut</span> <span class='ocrx_word' id='word_1_157' title='bbox 1164 2076 1168 2083; x_wconf 83' lang='lat'><em>&#39;</em></span> 
     </span>
     <span class='ocr_line' id='line_1_23' title="bbox 65 2120 1114 2258; baseline -0.004 -36"><span class='ocrx_word' id='word_1_158' title='bbox 65 2182 120 2241; x_wconf 91' lang='lat' dir='ltr'>por</span> <span class='ocrx_word' id='word_1_159' title='bbox 142 2180 258 2222; x_wconf 90' lang='lat' dir='ltr'>causam</span> <span class='ocrx_word' id='word_1_160' title='bbox 281 2160 405 2221; x_wconf 89' lang='lat' dir='ltr'>venandi</span> <span class='ocrx_word' id='word_1_161' title='bbox 433 2169 521 2218; x_wconf 88' lang='lat' dir='ltr'>noctu</span> <span class='ocrx_word' id='word_1_162' title='bbox 544 2120 738 2258; x_wconf 79' lang='lat' dir='ltr'>procederet,</span> <span class='ocrx_word' id='word_1_163' title='bbox 765 2162 848 2239; x_wconf 87' lang='lat' dir='ltr'>quasi</span> <span class='ocrx_word' id='word_1_164' title='bbox 872 2161 899 2220; x_wconf 91' lang='lat' dir='ltr'>id</span> <span class='ocrx_word' id='word_1_165' title='bbox 924 2179 977 2238; x_wconf 92' lang='lat' dir='ltr'>per</span> <span class='ocrx_word' id='word_1_166' title='bbox 999 2160 1114 2219; x_wconf 90' lang='lat' dir='ltr'>hostem</span> 
     </span>
     <span class='ocr_line' id='line_1_24' title="bbox 64 2244 1113 2323; baseline -0.003 -18"><span class='ocrx_word' id='word_1_167' title='bbox 64 2248 190 2307; x_wconf 88' lang='lat' dir='ltr'>interdiu</span> <span class='ocrx_word' id='word_1_168' title='bbox 205 2265 262 2306; x_wconf 91' lang='lat' dir='ltr'>non</span> <span class='ocrx_word' id='word_1_169' title='bbox 278 2247 391 2306; x_wconf 82' lang='lat' dir='ltr'>liceret.</span> <span class='ocrx_word' id='word_1_170' title='bbox 437 2244 594 2321; x_wconf 79' lang='lat' dir='ltr'>Egresso</span> <span class='ocrx_word' id='word_1_171' title='bbox 587 2263 651 2323; x_wconf 89' lang='lat' dir='ltr'>rpse</span> <span class='ocrx_word' id='word_1_172' title='bbox 669 2263 722 2323; x_wconf 92' lang='lat' dir='ltr'>apr</span> <span class='ocrx_word' id='word_1_173' title='bbox 725 2264 758 2305; x_wconf 97' lang='lat' dir='ltr'>os</span> <span class='ocrx_word' id='word_1_174' title='bbox 775 2245 1021 2320; x_wconf 82' lang='lat' dir='ltr'>subministrabat,</span> <span class='ocrx_word' id='word_1_175' title='bbox 1038 2261 1113 2322; x_wconf 88' lang='lat' dir='ltr'>quos</span> 
     </span>
     <span class='ocr_line' id='line_1_25' title="bbox 65 2327 1113 2409; baseline -0.002 -20"><span class='ocrx_word' id='word_1_176' title='bbox 65 2332 116 2391; x_wconf 90' lang='lat' dir='ltr'>ille</span> <span class='ocrx_word' id='word_1_177' title='bbox 141 2340 283 2408; x_wconf 89' lang='lat' dir='ltr'>tamquam</span> <span class='ocrx_word' id='word_1_178' title='bbox 306 2350 344 2391; x_wconf 87' lang='lat' dir='ltr'>ex</span> <span class='ocrx_word' id='word_1_179' title='bbox 374 2339 493 2409; x_wconf 91' lang='lat' dir='ltr'>captura</span> <span class='ocrx_word' id='word_1_180' title='bbox 515 2327 596 2388; x_wconf 92' lang='lat' dir='ltr'>Livio</span> <span class='ocrx_word' id='word_1_181' title='bbox 620 2329 768 2391; x_wconf 89' lang='lat' dir='ltr'>obferret:</span> <span class='ocrx_word' id='word_1_182' title='bbox 795 2331 883 2408; x_wconf 90' lang='lat' dir='ltr'>idque</span> <span class='ocrx_word' id='word_1_183' title='bbox 908 2349 971 2390; x_wconf 91' lang='lat' dir='ltr'>curn</span> <span class='ocrx_word' id='word_1_184' title='bbox 994 2330 1113 2403; x_wconf 90' lang='lat' dir='ltr'>saepius</span> 
     </span>
     <span class='ocr_line' id='line_1_26' title="bbox 64 2412 1112 2493; baseline -0.003 -18"><span class='ocrx_word' id='word_1_185' title='bbox 64 2415 171 2475; x_wconf 88' lang='lat' dir='ltr'>lactum</span> <span class='ocrx_word' id='word_1_186' title='bbox 192 2426 272 2474; x_wconf 89' lang='lat' dir='ltr'>esset</span> <span class='ocrx_word' id='word_1_187' title='bbox 294 2425 322 2475; x_wconf 89' lang='grc'>11</span> <span class='ocrx_word' id='word_1_188' title='bbox 345 2416 413 2475; x_wconf 91' lang='lat' dir='ltr'>ideo</span> <span class='ocrx_word' id='word_1_189' title='bbox 433 2415 524 2472; x_wconf 91' lang='lat' dir='ltr'>minus</span> <span class='ocrx_word' id='word_1_190' title='bbox 542 2412 770 2492; x_wconf 86' lang='lat' dir='ltr'>observaretur,</span> <span class='ocrx_word' id='word_1_191' title='bbox 794 2415 915 2493; x_wconf 88' lang='lat' dir='ltr'>quadam</span> <span class='ocrx_word' id='word_1_192' title='bbox 932 2423 1020 2474; x_wconf 90' lang='lat' dir='ltr'>nocte</span> <span class='ocrx_word' id='word_1_193' title='bbox 1037 2413 1112 2472; x_wconf 89' lang='lat' dir='ltr'>Han·</span> 
     </span>
     <span class='ocr_line' id='line_1_27' title="bbox 64 2497 1114 2575; baseline -0.003 -17"><span class='ocrx_word' id='word_1_194' title='bbox 64 2500 143 2559; x_wconf 87' lang='lat' dir='ltr'>nibal</span> <span class='ocrx_word' id='word_1_195' title='bbox 166 2509 336 2558; x_wconf 88' lang='lat' dir='ltr'>venatorum</span> <span class='ocrx_word' id='word_1_196' title='bbox 357 2499 454 2559; x_wconf 89' lang='lat' dir='ltr'>habitu</span> <span class='ocrx_word' id='word_1_197' title='bbox 478 2497 595 2558; x_wconf 91' lang='lat' dir='ltr'>Poenos</span> <span class='ocrx_word' id='word_1_198' title='bbox 619 2499 771 2559; x_wconf 89' lang='lat' dir='ltr'>comitibus</span> <span class='ocrx_word' id='word_1_199' title='bbox 788 2502 850 2559; x_wconf 90' lang='lat' dir='ltr'>eins</span> <span class='ocrx_word' id='word_1_200' title='bbox 873 2501 1041 2557; x_wconf 88' lang='lat' dir='ltr'>immiscuit:</span> <span class='ocrx_word' id='word_1_201' title='bbox 1065 2498 1114 2575; x_wconf 92' lang='lat' dir='ltr'>qui</span> 
     </span>
     <span class='ocr_line' id='line_1_28' title="bbox 65 2583 1112 2662; baseline -0.002 -20"><span class='ocrx_word' id='word_1_202' title='bbox 65 2603 130 2642; x_wconf 91' lang='lat' dir='ltr'>cum</span> <span class='ocrx_word' id='word_1_203' title='bbox 151 2584 246 2642; x_wconf 93' lang='lat' dir='ltr'>onusti</span> <span class='ocrx_word' id='word_1_204' title='bbox 270 2586 424 2643; x_wconf 89' lang='lat' dir='ltr'>venatione</span> <span class='ocrx_word' id='word_1_205' title='bbox 449 2600 532 2660; x_wconf 90' lang='lat' dir='ltr'>quarn</span> <span class='ocrx_word' id='word_1_206' title='bbox 554 2583 690 2643; x_wconf 84' lang='lat' dir='ltr'>ferebant</span> <span class='ocrx_word' id='word_1_207' title='bbox 715 2586 830 2662; x_wconf 91' lang='lat' dir='ltr'>recepti</span> <span class='ocrx_word' id='word_1_208' title='bbox 854 2592 954 2643; x_wconf 90' lang='lat' dir='ltr'>essent</span> <span class='ocrx_word' id='word_1_209' title='bbox 976 2601 992 2642; x_wconf 90' lang='grc'>1</span> <span class='ocrx_word' id='word_1_210' title='bbox 1016 2591 1112 2640; x_wconf 91' lang='lat' dir='ltr'>custo-</span> 
     </span>
     <span class='ocr_line' id='line_1_29' title="bbox 65 2666 1113 2746; baseline -0.002 -20"><span class='ocrx_word' id='word_1_211' title='bbox 65 2668 168 2740; x_wconf 89' lang='lat' dir='ltr'>dibus,</span> <span class='ocrx_word' id='word_1_212' title='bbox 187 2677 327 2745; x_wconf 88' lang='lat' dir='ltr'>protenus</span> <span class='ocrx_word' id='word_1_213' title='bbox 350 2667 940 2742; x_wconf 76' lang='grc'><strong>11111111111111111111.1111111111</strong></span> <span class='ocrx_word' id='word_1_214' title='bbox 963 2677 1047 2746; x_wconf 90' lang='lat' dir='ltr'>porta</span> <span class='ocrx_word' id='word_1_215' title='bbox 1065 2666 1113 2725; x_wconf 93' lang='lat' dir='ltr'>ad·</span> 
     </span>
     <span class='ocr_line' id='line_1_30' title="bbox 64 2728 1113 2826; baseline -0.001 -17"><span class='ocrx_word' id='word_1_216' title='bbox 64 2754 171 2812; x_wconf 89' lang='lat' dir='ltr'>missus</span> <span class='ocrx_word' id='word_1_217' title='bbox 194 2771 258 2811; x_wconf 91' lang='lat' dir='ltr'>cnm</span> <span class='ocrx_word' id='word_1_218' title='bbox 278 2754 410 2812; x_wconf 86' lang='lat' dir='ltr'>exercitu</span> <span class='ocrx_word' id='word_1_219' title='bbox 426 2728 570 2811; x_wconf 87' lang='lat' dir='ltr'>Hannibal</span> <span class='ocrx_word' id='word_1_220' title='bbox 593 2769 693 2811; x_wconf 92' lang='lat' dir='ltr'>omnes</span> <span class='ocrx_word' id='word_1_221' title='bbox 710 2752 858 2812; x_wconf 90' lang='lat' dir='ltr'>Romanos</span> <span class='ocrx_word' id='word_1_222' title='bbox 875 2752 1039 2826; x_wconf 88' lang='lat' dir='ltr'>interiecit,</span> <span class='ocrx_word' id='word_1_223' title='bbox 1063 2768 1113 2809; x_wconf 88' lang='lat' dir='ltr'>ex·</span> 
     </span>
     <span class='ocr_line' id='line_1_31' title="bbox 65 2835 732 2916; baseline 0 -21"><span class='ocrx_word' id='word_1_224' title='bbox 65 2837 160 2916; x_wconf 89' lang='lat' dir='ltr'>ceptis</span> <span class='ocrx_word' id='word_1_225' title='bbox 181 2836 226 2895; x_wconf 94' lang='lat' dir='ltr'>his</span> <span class='ocrx_word' id='word_1_226' title='bbox 250 2838 298 2914; x_wconf 91' lang='lat' dir='ltr'>qui</span> <span class='ocrx_word' id='word_1_227' title='bbox 321 2839 348 2896; x_wconf 93' lang='lat' dir='ltr'>in</span> <span class='ocrx_word' id='word_1_228' title='bbox 371 2854 468 2897; x_wconf 89' lang='lat' dir='ltr'>arcem</span> <span class='ocrx_word' id='word_1_229' title='bbox 491 2835 732 2914; x_wconf 83' lang='lat' dir='ltr'>profugerant</span> 
     </span>
    </p>
   </div>
   <div class='ocr_carea' id='block_1_7' title="bbox 64 2902 1117 3503">
    <p class='ocr_par' dir='ltr' id='par_1_7' title="bbox 64 2902 1117 3503">
     <span class='ocr_line' id='line_1_32' title="bbox 152 2902 1115 3014; baseline -0.001 -18"><span class='ocrx_word' id='word_1_230' title='bbox 152 2939 181 2997; x_wconf 90' lang='lat'>7.</span> <span class='ocrx_word' id='word_1_231' title='bbox 225 2935 414 3013; x_wconf 75' lang='lat' dir='ltr'>Lysimachus</span> <span class='ocrx_word' id='word_1_232' title='bbox 442 2955 496 2995; x_wconf 89' lang='lat' dir='ltr'>rex</span> <span class='ocrx_word' id='word_1_233' title='bbox 519 2934 728 3010; x_wconf 86' lang='lat' dir='ltr'>Macedonum,</span> <span class='ocrx_word' id='word_1_234' title='bbox 758 2954 821 2994; x_wconf 89' lang='lat' dir='ltr'>cum</span> <span class='ocrx_word' id='word_1_235' title='bbox 848 2934 997 3014; x_wconf 87' lang='lat' dir='ltr'>Ephesios</span> <span class='ocrx_word' id='word_1_236' title='bbox 1024 2902 1115 3013; x_wconf 90' lang='lat' dir='ltr'>obpu-</span> 
     </span>
     <span class='ocr_line' id='line_1_33' title="bbox 64 3018 1115 3120; baseline -0.003 -39"><span class='ocrx_word' id='word_1_237' title='bbox 64 3030 186 3120; x_wconf 80' lang='lat' dir='ltr'>guaret,</span> <span class='ocrx_word' id='word_1_238' title='bbox 215 3031 244 3080; x_wconf 93' lang='lat' dir='ltr'>et</span> <span class='ocrx_word' id='word_1_239' title='bbox 266 3021 340 3081; x_wconf 91' lang='grc'><strong>1111</strong></span> <span class='ocrx_word' id='word_1_240' title='bbox 332 3040 360 3080; x_wconf 87' lang='grc'>11</span> <span class='ocrx_word' id='word_1_241' title='bbox 383 3021 490 3080; x_wconf 86' lang='lat' dir='ltr'>auxilio</span> <span class='ocrx_word' id='word_1_242' title='bbox 520 3018 670 3079; x_wconf 91' lang='lat' dir='ltr'>haberent</span> <span class='ocrx_word' id='word_1_243' title='bbox 684 3018 874 3079; x_wconf 85' lang='lat' dir='ltr'>Mandronem</span> <span class='ocrx_word' id='word_1_244' title='bbox 901 3019 1115 3097; x_wconf 90' lang='lat' dir='ltr'>archipiratam,</span> 
     </span>
     <span class='ocr_line' id='line_1_34' title="bbox 64 3102 1115 3184; baseline -0.004 -18"><span class='ocrx_word' id='word_1_245' title='bbox 64 3108 113 3184; x_wconf 87' lang='lat' dir='ltr'>qui</span> <span class='ocrx_word' id='word_1_246' title='bbox 137 3105 310 3184; x_wconf 87' lang='lat' dir='ltr'>plerumque</span> <span class='ocrx_word' id='word_1_247' title='bbox 340 3114 475 3168; x_wconf 89' lang='lat' dir='ltr'>oneratas</span> <span class='ocrx_word' id='word_1_248' title='bbox 504 3105 614 3182; x_wconf 86' lang='lat' dir='ltr'>praeda</span> <span class='ocrx_word' id='word_1_249' title='bbox 644 3122 734 3163; x_wconf 90' lang='lat' dir='ltr'>naves</span> <span class='ocrx_word' id='word_1_250' title='bbox 757 3103 907 3180; x_wconf 84' lang='lat' dir='ltr'>Ephesum</span> <span class='ocrx_word' id='word_1_251' title='bbox 934 3102 1115 3182; x_wconf 87' lang='lat' dir='ltr'>adpellebat,</span> 
     </span>
     <span class='ocr_line' id='line_1_35' title="bbox 66 3187 1115 3269; baseline -0.002 -20"><span class='ocrx_word' id='word_1_252' title='bbox 66 3199 206 3269; x_wconf 92' lang='lat' dir='ltr'>corrupto</span> <span class='ocrx_word' id='word_1_253' title='bbox 237 3193 264 3249; x_wconf 93' lang='lat' dir='ltr'>ei</span> <span class='ocrx_word' id='word_1_254' title='bbox 292 3190 329 3250; x_wconf 91' lang='lat' dir='ltr'>ad</span> <span class='ocrx_word' id='word_1_255' title='bbox 358 3189 553 3268; x_wconf 90' lang='lat' dir='ltr'>proditionem</span> <span class='ocrx_word' id='word_1_256' title='bbox 584 3189 675 3248; x_wconf 86' lang='lat' dir='ltr'>iunxit</span> <span class='ocrx_word' id='word_1_257' title='bbox 702 3187 878 3247; x_wconf 78' lang='lat' dir='ltr'>fortissimos</span> <span class='ocrx_word' id='word_1_258' title='bbox 907 3187 1115 3247; x_wconf 80' lang='lat' dir='ltr'>Macedonum:</span> 
     </span>
     <span class='ocr_line' id='line_1_36' title="bbox 64 3270 1116 3353; baseline -0.004 -19"><span class='ocrx_word' id='word_1_259' title='bbox 64 3291 140 3353; x_wconf 87' lang='lat' dir='ltr'>quos</span> <span class='ocrx_word' id='word_1_260' title='bbox 164 3293 227 3333; x_wconf 93' lang='lat' dir='ltr'>cum</span> <span class='ocrx_word' id='word_1_261' title='bbox 245 3273 295 3333; x_wconf 93' lang='lat' dir='ltr'>ille</span> <span class='ocrx_word' id='word_1_262' title='bbox 316 3275 459 3334; x_wconf 88' lang='lat' dir='ltr'>restrictis</span> <span class='ocrx_word' id='word_1_263' title='bbox 481 3271 612 3332; x_wconf 90' lang='lat' dir='ltr'>manibus</span> <span class='ocrx_word' id='word_1_264' title='bbox 637 3289 690 3350; x_wconf 89' lang='lat' dir='ltr'>pro</span> <span class='ocrx_word' id='word_1_265' title='bbox 715 3273 837 3350; x_wconf 86' lang='lat' dir='ltr'>captivis</span> <span class='ocrx_word' id='word_1_266' title='bbox 860 3270 1009 3350; x_wconf 83' lang='lat' dir='ltr'>Ephesum</span> <span class='ocrx_word' id='word_1_267' title='bbox 1027 3273 1116 3330; x_wconf 92' lang='lat' dir='ltr'>intro·</span> 
     </span>
     <span class='ocr_line' id='line_1_37' title="bbox 64 3355 1117 3438; baseline -0.004 -21"><span class='ocrx_word' id='word_1_268' title='bbox 64 3358 202 3434; x_wconf 88' lang='lat' dir='ltr'>duceret,</span> <span class='ocrx_word' id='word_1_269' title='bbox 233 3367 336 3438; x_wconf 87' lang='lat' dir='ltr'>postea</span> <span class='ocrx_word' id='word_1_270' title='bbox 356 3359 449 3437; x_wconf 90' lang='lat' dir='ltr'>raptis</span> <span class='ocrx_word' id='word_1_271' title='bbox 477 3376 515 3417; x_wconf 89' lang='lat' dir='ltr'>ex</span> <span class='ocrx_word' id='word_1_272' title='bbox 536 3375 606 3418; x_wconf 88' lang='lat' dir='ltr'>arce</span> <span class='ocrx_word' id='word_1_273' title='bbox 629 3358 715 3418; x_wconf 89' lang='lat' dir='ltr'>armis</span> <span class='ocrx_word' id='word_1_274' title='bbox 736 3355 839 3416; x_wconf 90' lang='lat' dir='ltr'>urbem</span> <span class='ocrx_word' id='word_1_275' title='bbox 861 3355 1034 3432; x_wconf 74' lang='lat' dir='ltr'>Lysimacho</span> <span class='ocrx_word' id='word_1_276' title='bbox 1060 3365 1117 3414; x_wconf 87' lang='lat' dir='ltr'>tra·</span> 
     </span>
     <span class='ocr_line' id='line_1_38' title="bbox 66 3441 210 3503; baseline -0.014 0"><span class='ocrx_word' id='word_1_277' title='bbox 66 3441 210 3503; x_wconf 88' lang='lat' dir='ltr'>diderunt.</span> 
     </span>
    </p>
   </div>
   <div class='ocr_carea' id='block_1_8' title="bbox 0 0 1227 3848">
    <p class='ocr_par' dir='ltr' id='par_1_8' title="bbox 0 0 1227 3848">
     <span class='ocr_line' id='line_1_39' title="bbox 0 0 1227 3848; baseline 0 0"><span class='ocrx_word' id='word_1_278' title='bbox 0 0 1227 3848; x_wconf 95' lang='lat' dir='ltr'> </span> 
     </span>
    </p>
   </div>
  </div>
 </body>
</html>
