2438 3848
154 243 155 246 ,
185 199 233 245 on
247 198 372 259 uonna
393 196 566 247 uncrinus
589 197 691 246 unius
713 198 836 246 nouus
857 198 975 245 arnan.
1043 188 1102 251 117

144 354 194 415 73.
241 353 316 412 Anio
347 352 447 413 Novus
480 355 508 411 in
543 355 756 413 commentariis
788 354 899 415 habere
938 353 1102 432 ponebatur
1149 370 1151 374 ·

46 440 204 517 ‘quinarias
233 451 273 497 111
300 438 378 498 milia
407 451 560 497 contem„
592 436 710 497 Mersus
733 438 768 497 ad
791 448 877 517 caput
897 438 1017 516 repperi
1040 439 1101 517 qui·

55 524 153 583 uarias
184 535 221 581 1v
249 522 326 582 milia
354 535 580 587 Dcttxxxvm:
614 522 752 599 amplius,
782 541 867 601 quarn
892 524 920 581 iu
948 523 1102 600 conceptis

56 608 329 666 commentariorum
359 615 420 680 est,
454 607 592 684 quinariis
619 619 840 667 Mcccohxxv.
893 606 1019 680 Quarum
1053 605 1101 665 ad·

57 693 243 768 quisitionem
266 708 323 749 non
337 691 420 750 avide
435 709 480 748 me
497 691 650 768 amplecti,
666 708 729 768 quo
745 692 802 750 alio
820 692 906 752 modo
921 691 1102 751 manifestius

57 776 198 854 probem,
229 793 314 852 quam
336 766 464 852 quodid
487 776 658 850 erogatione
678 771 1102 852 ipsorumcommentariorum

56 861 149 919 maior
174 876 241 934 pars
265 876 362 917 earum
385 855 573 917 continetur?¹
614 857 779 935 Erogantur
801 862 876 919 enirn
898 862 1046 938 quinariae
1065 872 1102 918 Ν

56 944 135 1003 milia
162 932 237 1008 cc?
257 936 320 1002 cum
349 942 477 1020 alioquin
505 944 533 1000 in
563 943 673 1003 eisdem
700 946 913 1004 commentariis
941 942 1102 1003 inveniatur

56 1028 216 1103 'conceptio
238 1044 294 1085 non
317 1027 454 1104 amplius,
478 1024 562 1104 quam
579 1040 620 1085 111
636 1027 743 1086 milium
759 1041 900 1087 conxrn.
945 1028 1102 1088 Praeterea

57 1111 194 1186 intercipi
216 1128 272 1169 non
290 1119 397 1169 tantum
415 1124 559 1184 Dxxvn,
581 1128 656 1188 quae
676 1111 750 1170 inter
768 1129 918 1171 mensuras
937 1121 1052 1171 nostras
1073 1120 1102 1170 et

39 1192 260 1271 ’erogationem
287 1197 443 1270 intersunt,
477 1193 529 1254 sed
552 1194 641 1270 longe
665 1194 836 1277 ampliqrem
858 1196 1100 1273 modumudepre·

58 1280 155 1339 hendi.
200 1277 247 1336 Ex
272 1296 329 1356 quo
358 1279 495 1355 adparet,
527 1279 799 1338 etiamexuberare
820 1279 1101 1358 comprehensama

57 1363 144 1444 nobis
166 1381 338 1422 mensuram.
380 1361 472 1422 Cuius
498 1363 541 1443 rpi
564 1364 637 1421 ratio
659 1372 719 1441 est,
743 1363 886 1441 quodvis
909 1381 1003 1440 aquae
1017 1380 1100 1461 rqpa·

57 1448 139 1521 cior,
166 1456 196 1506 ut
219 1466 256 1506 ex
278 1446 361 1524 largo
383 1446 528 1513 ret-celeri
544 1446 664 1509 flumine
689 1457 837 1526 excepta,=
854 1448 1013 1506 velocitate
1037 1464 1100 1525 rpsa

57 1518 177 1608 amplat
197 1532 323 1591 modum.
773 1531 776 1537 ’
835 1560 840 1567 ·

145 1617 194 1674 74.
239 1612 304 1674 Nou
320 1615 435 1691 dubito,
454 1615 569 1694 aliquos
584 1615 787 1692 adnotatores,
812 1615 890 1695 quod
905 1616 994 1692 longe
1010 1615 1102 1674 maior

57 1700 144 1775 copia
166 1702 238 1759 actis
261 1701 403 1758 mensuris
422 1702 538 1759 inventa
559 1702 611 1774 sit,
635 1719 720 1778 quam
740 1703 768 1760 in
790 1701 1003 1760 commentariis
1022 1698 1100 1758 Prin·

59 1784 164 1860 cipum.
208 1782 299 1842 Cuius
322 1785 366 1843 rei
393 1802 480 1844 causa
502 1794 546 1844 est
566 1802 650 1844 error
669 1802 785 1858 eorum,
817 1786 865 1861 qui
887 1784 923 1843 ab
946 1784 1026 1842 initio
1050 1801 1100 1860 pa·

57 1885 119 1926 rum
138 1868 295 1944 diligenter
316 1869 541 1945 uniuscuiusque
563 1868 697 1926 iecerunt
718 1868 957 1927 aestimationem.
1003 1866 1048 1924 Ac
1064 1885 1100 1924 nc

57 1960 136 2010 metu
165 1954 283 2010 aestatis
313 1960 360 2009 aut
387 1952 546 2010 siccitatum
566 1952 594 2008 in
615 1960 721 2009 tantum
745 1954 902 2010 averitate
925 1967 978 2009 eos
1001 1968 1100 2009 reces-

57 2036 135 2094 sisse
157 2035 291 2108 aredam,
315 2033 425 2108 obstat,
450 2035 554 2111 quod,-.
567 2034 634 2110 ipso
648 2036 723 2093 sctis
740 2025 882 2092 mensuris
897 2033 972 2093 lulio
988 2050 1100 2108 mense,

57 2119 132 2178 hanc
166 2120 392 2195 uniuscuiusque
420 2118 551 2193 copiam,
586 2134 661 2194 quae
689 2135 777 2195 supra
802 2118 911 2194 scripta
945 2121 1009 2190 est,
1039 2125 1101 2176 tota

58 2205 201 2278 deinceps
222 2210 333 2259 aestate
350 2201 507 2260 durantem·
519 2200 681 2278 exploravi.
727 2200 848 2274 Quaeou
891 2219 926 2259 ue
944 2209 1039 2258 tamen
1056 2209 1101 2258 est

58 2278 164 2359 causa,
195 2303 270 2363 quae
295 2285 463 2362 praecedit,
492 2284 684 2362 illuduntque
707 2285 1003 2361 detegitur,-decem
1020 2285 1101 2344 milia

56 2371 250 2449 quinariarum
274 2370 472 2438 intercidisse;
500 2368 566 2428 dum
587 2368 731 2429 ben'eiicia
754 2388 804 2429 sua
825 2369 975 2448 Principes
996 2384 1100 2428 secun·

51 2457 125 2515 dum
146 2454 260 2513 modum
282 2456 309 2514 in
334 2454 545 2514 commentariis
564 2454 740 2533 adscriptum
762 2463 942 2533 temperant,

125 2520 195 2599 'niu
240 2540 374 2617 Sequens
398 2539 552 2599 diversitas
576 2547 636 2614 est,
660 2535 743 2618 quod
760 2539 834 2598 alius
852 2538 954 2598 modus
973 2538 1101 2615 concipi·

46 2612 105 2686 ‘tur
118 2622 168 2681 ad
195 2625 304 2700 capita,
337 2625 409 2684 alius
429 2640 493 2683 nec
514 2624 624 2699 exiguo
646 2625 739 2681 minor
757 2625 785 2681 in
806 2624 941 2699 piscinis,
969 2623 1100 2680 minimus

57 2707 165 2783 deinde
193 2707 396 2765 distributione
421 2709 596 2766 continetur.
648 2706 736 2766 cuius
764 2708 807 2764 rei
823 2722 922 2782 ,causa
951 2714 996 2764 est
1021 2705 1101 2764 fraus

57 2791 256 2867 aquariorum,
289 2803 363 2867 quos
392 2808 483 2868 aquas
511 2789 852 2867 err-ductibuspublicis
875 2790 903 2848 in
925 2789 1121 2866 privatorum,

58 2893 128 2933 usus
153 2873 287 2939 derivare
308 2861 569 2950 deprehendimus:
607 2874 666 2934 Sed
686 2882 715 2932 et
732 2873 865 2950 plerique
884 2889 1100 2950 possessorum,
1171 2886 1175 2893 ·

56 2952 75 3016 e
99 2975 220 3035 quorum
243 2958 417 3033 agrisaqua
442 2959 680 3032 circumducitur,
704 2957 826 3029 subinde
846 2957 954 3016 formas
973 2957 1100 3016 rivorum

58 3042 223 3120 perforant;
246 3042 323 3101 unde
345 3040 392 3114 fir,
415 3050 446 3100 ut
468 3042 571 3101 ductus
591 3041 700 3119 publici
721 3041 883 3100 bominibus
908 3042 1028 3120 privatis
1050 3042 1099 3100 vel

57 3126 94 3186 ad
116 3127 264 3185 hortorum
282 3143 365 3184 usum
388 3126 696 3203 itinera-suspendant.
997 3170 1001 3175 .

145 3211 195 3271 76.
240 3210 285 3270 Ac
317 3210 353 3269 de
381 3210 458 3267 vitiis
485 3208 709 3277 eiusmodirrec
736 3209 819 3286 plura
840 3227 896 3268 nec
917 3208 1021 3268 melius
1044 3209 1101 3268 diei

59 3304 196 3373 possunt,
219 3312 304 3371 quam
322 3314 338 3355 a
362 3291 465 3353 Caelio
486 3293 570 3353 Rufo·
585 3293 663 3352 dicta
683 3301 748 3351 suunt
769 3294 798 3351 in
820 3312 854 3353 ea
868 3293 1030 3368 concione,
1056 3294 1101 3352 cui
1189 3338 1200 3355 .

58 3377 158 3438 titulus
187 3389 299 3439 eston
323 3389 436 3450 lours.
482 3377 565 3451 Quae
589 3384 663 3437 nilne
685 3392 740 3437 nos
761 3380 855 3437 omnia
878 3378 963 3437 simili
985 3378 1102 3436 lieentia
1202 3435 1206 3441 ,

58 3471 214 3541 usurpata,
252 3466 356 3524 utinam
387 3468 527 3542 non⁶per
555 3461 700 3540 offensas,
734 3461 1110 3542 probaremus:.imiq,uos
