2438 3848
217 158 559 209 STRATEGEMATICON
578 159 648 206 LIB.
671 159 707 208 11.
731 157 806 207 GAP.
830 159 973 206 x—xn.
1086 146 1126 207 57

171 316 204 377 6.
246 315 444 375 Alexandrum
473 332 590 394 quoque
615 311 807 374 Macedonem
833 315 966 374 traditum
994 324 1039 373 est
1067 314 1128 374 exi·

81 404 159 462 miae
178 399 397 479 pulchritudinis
414 400 519 476 virgini
536 399 684 477 captivae,
709 416 772 457 cum
788 399 922 458 finitimae
941 399 1036 474 gentis
1053 401 1128 476 prin·

83 487 143 564 cipi
162 485 266 544 luisset
287 485 481 562 desponsata,
504 501 612 542 summa
632 483 804 542 abstinentia
826 484 864 542 ita
884 484 1074 560 pepercisse,
1099 490 1130 541 ut

82 571 164 630 illam
186 587 223 629 ne
246 568 416 646 adspexerit
435 567 560 645 quidem.
606 565 669 639 Qua
691 584 759 626 mox
781 567 817 626 ad
835 584 975 644 sponsum
996 568 1129 641 remissa,

84 655 242 713 universae
266 654 362 728 gentis
385 669 440 729 per
461 651 518 710 hoo
544 650 716 710 beneficium
740 653 850 711 animos
874 650 1040 710 conciliavit
1062 649 1128 709 sibi.

172 739 201 797 7.
246 736 408 814 Imperator
431 733 541 795 Caesar
561 735 742 794 Domitianus
764 734 912 812 Augustus
942 734 1129 794 Germanicus

85 840 123 882 eo
150 821 248 895 bello,
278 839 336 898 quo
359 821 445 879 victis
476 819 607 879 hostibus
636 836 801 896 cognomen
827 818 988 879 Germanioi
1015 819 1129 894 meruit,

86 925 152 966 cum
174 907 203 964 in
225 905 329 964 linibus
346 903 493 964 Cattornm
508 905 629 964 castella
651 913 791 982 poneret,
814 921 867 981 pro
888 903 1030 963 fructibus
1048 903 1129 963 loco-

83 1009 163 1065 rum,
189 1007 262 1068 quae
283 988 363 1048 vallo
382 987 665 1066 comprehendebat,
688 989 811 1065 pretium
830 988 904 1048 solvi
923 990 1020 1057 iussit;
1044 997 1139 1065 atque

86 1094 121 1137 ea
142 1076 267 1134 iustitiae
286 1072 361 1132 fama
383 1072 506 1131 omnium
527 1072 612 1132 iidem
635 1073 794 1132 adstrinxit.

475 1238 624 1300 CAPUT
653 1237 728 1299 Xll.

86 1373 182 1435 Quas
205 1370 384 1432 FACIENDA
408 1371 488 1419 SINT
509 1370 577 1418 PRO
600 1369 758 1438 CASTRIS,
790 1368 821 1417 sl
840 1369 937 1417 SATIS
963 1368 1130 1416 FIDUCIAE

222 1456 260 1503 IN
280 1454 541 1502 PRAESENTIBUS
564 1454 676 1503 COPIIS
696 1455 770 1503 NON
792 1454 991 1502 HABEAMUS.

176 1580 205 1638 1.
249 1576 282 1636 T.
300 1575 450 1649 Quinctius
471 1574 583 1651 consul,
607 1594 670 1635 oum
682 1575 786 1637 Volsci
802 1585 898 1636 castra
918 1578 980 1637 eius
997 1578 1131 1654 adgressi

86 1663 203 1736 forent,
232 1662 384 1721 cohortem
413 1661 608 1720 tantummodo
632 1661 659 1719 in
682 1663 806 1721 statione
828 1662 963 1737 detinuit,
987 1662 1130 1739 reliquum

87 1747 251 1806 exercitum
270 1745 305 1805 ad
324 1746 530 1822 quiescendum
544 1745 663 1814 dimisit;
688 1745 892 1805 aeneatoribus
913 1749 1077 1825 praecepit,
1100 1755 1131 1805 ut

86 1831 197 1891 vallum
210 1829 370 1889 insidentes
392 1832 474 1907 equis
493 1830 647 1889 circuirent
666 1831 923 1906 concinerentque.
969 1831 1032 1904 Qua
1053 1831 1129 1890 iaoie

88 1923 118 1974 ct
141 1913 323 1973 simulatione
348 1931 411 1972 oum
435 1923 464 1973 et
483 1914 686 1992 propulsasset
709 1923 738 1972 et
765 1912 938 1972 detinuisset
964 1933 1019 1992 per
1040 1924 1130 1974 totam

87 2006 207 2058 noctem
228 1997 341 2073 hostes,
365 1999 400 2057 ad
422 1998 496 2057 lucis
519 2006 652 2057 exortum
673 1997 772 2056 fessos
786 1996 887 2073 vigilia
907 2007 1031 2074 repente
1051 1998 1128 2057 iacta

89 2083 244 2161 eruptione
262 2082 350 2143 facile
372 2082 531 2160 superavit.

175 2165 204 2224 2.
251 2164 286 2238 Q.
311 2167 478 2241 Sertorius,
501 2166 528 2223 in
547 2163 684 2241 Hispania
701 2163 825 2223 hostiurn
849 2165 986 2242 equitatui
1005 2165 1128 2223 maxime

88 2252 193 2328 impar,
215 2250 263 2327 qui
282 2269 375 2329 usque
400 2250 436 2310 ad
461 2250 540 2327 ipsas
563 2248 734 2308 munitiones
755 2249 839 2308 nimia
861 2248 966 2309 liduoia
987 2249 1128 2308 succede·

87 2335 149 2411 bat,
172 2342 261 2393 nocte
280 2334 403 2394 scrobes
420 2334 533 2412 aperuit
555 2341 583 2391 et
604 2340 669 2391 ante
685 2334 776 2391 aciem
798 2332 911 2392 direxit.
943 2331 1015 2392 Cum
1033 2342 1129 2392 tamen

88 2417 230 2477 turmales
254 2419 413 2478 secundum
431 2415 668 2477 consuetudinem
684 2417 852 2495 praedatum
865 2418 907 2476 ire
922 2417 1042 2493 vellent,
1061 2435 1129 2496 pro·

88 2503 230 2562 nuntiavit
248 2503 429 2581 comperisse
447 2520 480 2560 se
501 2500 619 2561 insidias
631 2499 667 2560 ab
682 2500 816 2560 hostibus
828 2501 997 2580 dispositas,
1018 2502 1129 2561 idcirco

87 2605 126 2647 ne
148 2585 335 2646 discederent
353 2604 369 2645 a
392 2586 482 2662 signis
498 2603 574 2643 neve
592 2584 723 2645 laxarent
739 2602 852 2662 agmen,
897 2584 981 2658 Quod
998 2604 1073 2660 cum,
1093 2603 1130 2644 ne

90 2671 259 2731 solveretur
280 2670 450 2749 disciplina,
477 2668 615 2745 iecisset,
646 2678 787 2747 exceptus
809 2669 884 2732 iorte
907 2671 985 2730 veris
1007 2670 1130 2744 insidiis,

90 2756 159 2834 quia
178 2754 382 2831 praedixerat,
404 2755 575 2813 intentiores
597 2753 704 2812 milites
720 2751 827 2813 habuit.

178 2837 207 2898 3.
253 2836 366 2898 Chares
389 2837 447 2897 dux
469 2837 705 2913 Atheniensium,
729 2855 794 2896 curn
817 2846 1006 2916 exspectaret
1025 2836 1132 2898 auxilia

92 2933 123 2983 et
144 2931 310 2998 vereretur,
334 2941 371 2981 ne
391 2922 503 2981 interea
527 2929 695 2998 contemptu
709 2923 881 2997 ‚praesentis
903 2921 1058 3000 paucitatis
1079 2921 1131 2981 ho·

91 3017 155 3068 stes
178 3014 274 3066 castra
300 3007 362 3065 eius
381 3004 595 3085 obpugnarent,
619 3004 787 3083 complures
802 3023 840 3064 ex
853 3006 888 3066 iis
912 3023 985 3084 quos
1006 3005 1133 3066 habebat

91 3109 147 3171 per
169 3107 302 3150 aversam
322 3099 435 3168 partem
457 3098 546 3149 nocte
562 3090 668 3148 missos
690 3089 784 3164 iussit,
807 3106 863 3167 qua
881 3091 1040 3169 praecipue
1064 3107 1132 3150 con-

91 3174 187 3254 spicui
208 3173 307 3234 forent
326 3172 478 3249 hostibus,
500 3173 598 3234 redire
618 3174 647 3231 in
669 3181 764 3232 castra
787 3183 817 3232 et
831 3175 1133 3250 accedentiumnova·

89 3277 153 3319 rum
164 3258 267 3318 virium
283 3259 413 3336 speciem
426 3256 587 3337 praebere:
610 3265 697 3335 atque
713 3257 750 3315 ita
767 3258 909 3318 simulatis
926 3259 1040 3319 auxiliis
1057 3268 1134 3318 tutus

89 3352 136 3403 est
157 3359 208 3419 sc,
232 3343 327 3403 donec
348 3344 541 3402 instrueretur
560 3341 751 3420 exspectatis.

176 3429 205 3490 4.
248 3425 412 3509 Iphicrates
424 3423 623 3503 Atheniensis,
642 3443 706 3486 cum
723 3425 933 3508 campestribus
950 3426 1147 3486 lociseasma
