2438 3848
125 184 165 247 38
455 198 532 247 anx.
555 197 644 246 mun
666 196 837 246 raonnrru

123 353 260 431 repulsus
289 361 385 428 esset,
414 353 469 411 nisi
497 351 711 412 circummissus
738 352 774 412 ab
797 369 834 412 eo
854 352 975 412 Porcius
999 349 1090 426 Cato,
1121 353 1169 429 qui

123 445 198 511 tum,
220 437 275 496 iam
291 435 469 509 consularis,
488 435 619 494 tribunus
635 435 782 496 milituma
800 436 910 515 populo
924 435 1018 494 lactus
1035 435 1064 493 in
1083 453 1170 494 exer·
1189 478 1209 507 „

125 522 183 579 citu
206 529 286 594 erat,
311 520 433 579 deiectis
456 519 531 596 iugis
554 517 723 579 Callidromi
748 521 885 599 (montis)
908 518 1041 594 Aetolis,
1066 520 1170 595 quiea

124 603 273 682 pracsidio
295 602 449 678 tenebant,
472 621 563 682 super
583 604 776 663 imminentem
795 604 899 665 castris
921 604 1011 681 regiis
1030 602 1170 663 collema

123 696 210 764 tergo
240 684 351 745 subitus
384 685 579 763 adparuisset.
626 685 691 758 Quo
716 687 795 747 facto
828 687 1004 764 perturbatis
1033 684 1170 746 Antiochi

125 771 237 849 copiis,
266 771 410 847 utrimque
431 771 568 849 inrupere
586 769 709 830 Romani
729 779 759 830 et
779 773 852 832 fusis
875 773 911 830 iis
932 770 1099 849 fugatisque
1124 788 1170 829 ca·

124 862 185 912 stra
210 862 363 931 ceperunt.

57 1005 58 1008 Ἴ
211 937 240 996 5.
286 933 320 995 0.
340 935 487 1013 Sulpicius
509 935 626 996 Peticus
648 936 768 1011 consul,
800 947 902 997 contra
924 937 1025 998 Gallos
1052 937 1170 997 dimica·

125 1029 206 1079 turns
225 1022 309 1079 iussit
339 1020 482 1079 muliones
514 1020 588 1080 clam
617 1023 646 1080 in
673 1030 787 1081 montes
815 1023 967 1100 proximos
996 1039 1060 1080 cum
1085 1022 1169 1080 mulis

126 1104 207 1163 abire
230 1113 259 1163 et
280 1105 420 1179 indidem,
445 1113 583 1164 conserto
605 1106 660 1164 iam
682 1105 813 1183 proelio,
834 1105 915 1165 velut
938 1106 1022 1183 equis
1043 1105 1170 1164 insiden·

125 1197 172 1247 tes
192 1197 340 1248 ostentare
369 1207 401 1247 se
424 1188 634 1266 pugnantibus:
664 1206 755 1266 quare
781 1188 873 1264 Galli,
898 1190 1097 1248 existimantes
1121 1188 1169 1248 ad·

125 1281 247 1331 ventare
271 1273 377 1331 auxilia
400 1271 553 1346 Romanis,
578 1290 700 1331 cessere
721 1274 776 1332 iam
798 1291 894 1351 paene
916 1275 1056 1331 victores.

212 1357 241 1416 6.
286 1354 395 1415 Marius
417 1357 497 1415 circa
517 1353 618 1433 Aquas
634 1357 770 1432 Sextias,
794 1374 859 1416 cum
881 1357 910 1414 in
931 1357 1025 1415 animo
1045 1353 1170 1414 haberet

128 1449 247 1517 postera
273 1438 320 1497 die
349 1440 519 1517 depugnare
547 1438 688 1498 adversus
712 1438 879 1516 Teutonos,
908 1438 1078 1499 Marcellum
1107 1455 1170 1498 cum

127 1539 217 1601 parva
244 1538 327 1580 manu
355 1522 482 1599 equitum
508 1521 696 1600 peditumque
723 1532 811 1584 noctu
836 1531 904 1602 post
933 1531 1017 1599 terga
1045 1521 1170 1582 hostium

126 1607 203 1664 misit
224 1613 255 1664 et
277 1604 311 1664 ad
333 1604 505 1682 implendam
526 1605 711 1665 multitudinis
729 1609 861 1686 speciem
877 1622 1022 1684 agasones
1036 1606 1170 1682 lixasque

126 1696 254 1750 armatos
282 1686 366 1746 simul
394 1689 438 1748 ire
464 1689 547 1748 iussit
569 1690 819 1770 iumentorumque
840 1708 971 1768 magnam
994 1699 1108 1768 partem
1130 1691 1169 1747 in·

127 1780 281 1831 stratorum
308 1770 506 1848 centunculis,
530 1781 561 1832 ut
582 1790 636 1850 per
660 1772 717 1833 hoc
740 1775 833 1835 iacies
857 1776 1002 1852 equitatus
1026 1773 1169 1833 obiicere·

126 1864 190 1929 tur,
213 1857 443 1934 praecepitque,
466 1865 514 1931 ut,
542 1875 606 1916 cum
628 1858 900 1918 animadvertissent
922 1858 1060 1917 committi
1083 1874 1170 1935 proe-

127 1939 212 2014 lium,
235 1939 291 2018 ipsi
306 1940 333 1998 in
352 1949 435 2018 terga
449 1939 574 2001 hostium
592 1941 818 2002 descenderent.
863 1942 920 2015 Qui
939 1941 1096 2020 adparatus
1110 1951 1170 2001 tan·

127 2033 186 2083 tum
209 2025 330 2084 terroris
352 2025 461 2101 intulit,
482 2034 512 2084 ut
533 2026 686 2104 asperrimi
707 2025 809 2086 hostes
832 2027 860 2084 in
881 2025 978 2102 fugam
1001 2026 1082 2083 versi
1104 2027 1168 2084 sint.

213 2110 242 2167 7.
285 2108 410 2168 Licinius
430 2106 566 2185 Crassus,
589 2109 777 2187 lugitivorum
792 2109 873 2169 hello
888 2109 963 2186 apud
982 2105 1170 2168 Calamatium

129 2193 287 2270 (montem)
317 2193 475 2252 educturus
501 2193 620 2254 militem
648 2193 790 2253 adversus
818 2191 937 2253 Castam
963 2201 992 2252 et
1015 2191 1171 2253 Gannicum

127 2276 219 2333 duces
250 2273 413 2351 Gallorum,
443 2276 596 2336 duodecim
625 2277 765 2337 cohortes
793 2295 858 2336 cum
885 2275 919 2336 G.
949 2276 1113 2353 Pomptinio
1143 2283 1171 2335 et

127 2357 164 2431 Q.
188 2356 298 2417 Marcio
314 2357 391 2417 Rulo
412 2359 519 2434 legatis
540 2369 609 2438 post
630 2370 756 2420 montem
775 2361 970 2420 circummisit.
1016 2356 1073 2431 Qut
1096 2378 1169 2434 cnm,

128 2443 284 2500 commisso
297 2442 352 2500 iam
367 2443 494 2520 proelio,
517 2461 533 2504 a
546 2451 632 2519 tergo
648 2445 775 2504 clamore
794 2444 909 2521 sublatp
922 2444 1169 2518 decucurrissent,

126 2526 167 2585 ita
194 2525 329 2585 fuderunt
356 2525 476 2602 hostes,
504 2535 535 2586 ut
563 2526 671 2606 ubique
699 2529 787 2606 iuga,
816 2546 956 2607 nusquam
984 2545 1100 2605 pugna,
1124 2545 1170 2589 ca·

127 2618 309 2687 pessaretur.

214 2691 244 2753 8.
289 2690 328 2751 Μ.
354 2691 514 2752 Marcellus
539 2710 604 2753 cum
629 2704 799 2771 vereretur,
827 2713 864 2754 ne
900 2695 1075 2773 paucitatem
1110 2695 1171 2754 eius

127 2778 246 2837 militum
274 2776 386 2836 clamor
412 2777 583 2864 detegeret,
612 2780 697 2839 simul
720 2780 796 2839 lixas
821 2779 1000 2856 calonesque
1030 2781 1172 2838 ceomnis

127 2862 248 2936 generis
271 2860 408 2939 sequelae
432 2861 616 2922 conclamare
639 2864 739 2939 iussit,
761 2872 849 2943 atque
878 2864 916 2921 ita
939 2862 1054 2922 hostem
1077 2862 1171 2940 magni

128 2947 278 3005 exercitus
302 2947 403 3023 specie
424 2946 574 3005 exterruit.

214 3028 243 3089 9.
287 3028 423 3088 Valerius
449 3027 591 3088 Laevinus
620 3028 762 3089 adversm
787 3028 942 3105 Pyrrhum,
973 3030 1076 3089 oceisd
1100 3047 1170 3109 quo·

129 3111 193 3170 dam
212 3111 327 3189 gregali
348 3121 450 3174 tenens
469 3113 596 3190 gladium
619 3121 784 3188 amentum,
808 3115 922 3191 utrique
941 3113 1085 3173 exercitui
1105 3131 1171 3193 per·

130 3197 219 3255 suasit
234 3195 387 3271 ,Pyrrhum
412 3199 631 3275 interemptum:
659 3197 848 3274 quamobrem
883 3197 985 3256 hostes
1014 3196 1171 3257 destitutos

129 3296 163 3338 se
188 3279 270 3339 ducis
290 3289 383 3341 morte
407 3280 579 3356 credentes,
601 3283 780 3342 consternati
805 3299 822 3342 a
841 3281 993 3341 mendacio
1016 3299 1050 3341 se
1074 3281 1171 3360 pavidi

128 3363 157 3422 in
181 3371 275 3423 castra
298 3373 485 3443 receperunt.

217 3448 264 3507 10.
309 3448 445 3525 Iugurtha
467 3448 496 3507 in
514 3446 646 3535 Numidia
666 3447 807 3509 adversus
827 3445 860 3508 C.
878 3446 1016 3526 hiarium,
1040 3465 1107 3509 cum
1131 3447 1170 3508 la·
