<?xml version="1.0" encoding="UTF-8"?>
<!DOCTYPE html PUBLIC "-//W3C//DTD XHTML 1.0 Transitional//EN"
    "http://www.w3.org/TR/xhtml1/DTD/xhtml1-transitional.dtd">
<html xmlns="http://www.w3.org/1999/xhtml" xml:lang="en" lang="en">
 <head>
  <title>
</title>
<meta http-equiv="Content-Type" content="text/html;charset=utf-8" />
  <meta name='ocr-system' content='tesseract 3.04.00' />
  <meta name='ocr-capabilities' content='ocr_page ocr_carea ocr_par ocr_line ocrx_word'/>
</head>
<body>
  <div class='ocr_page' id='page_1' title='image "./strategematicon00dedegoog_0025.png"; bbox 0 0 2438 3848; ppageno 0'>
   <div class='ocr_carea' id='block_1_1' title="bbox 86 179 801 238">
    <p class='ocr_par' dir='ltr' id='par_1_1' title="bbox 86 179 801 238">
     <span class='ocr_line' id='line_1_1' title="bbox 86 179 801 238; baseline -0.007 0"><span class='ocrx_word' id='word_1_1' title='bbox 86 179 106 238; x_wconf 82' lang='lat'>2</span> <span class='ocrx_word' id='word_1_2' title='bbox 420 188 496 236; x_wconf 77' lang='lat' dir='ltr'>sun.</span> <span class='ocrx_word' id='word_1_3' title='bbox 520 188 609 236; x_wconf 83' lang='lat' dir='ltr'>1uu11</span> <span class='ocrx_word' id='word_1_4' title='bbox 631 185 801 235; x_wconf 71' lang='lat' dir='ltr'>ducuntur</span> 
     </span>
    </p>
   </div>
   <div class='ocr_carea' id='block_1_2' title="bbox 85 339 1134 2270">
    <p class='ocr_par' dir='ltr' id='par_1_2' title="bbox 86 339 1132 674">
     <span class='ocr_line' id='line_1_2' title="bbox 86 339 1132 420; baseline -0.006 -15"><span class='ocrx_word' id='word_1_5' title='bbox 86 343 211 405; x_wconf 93' lang='lat' dir='ltr'>nondum</span> <span class='ocrx_word' id='word_1_6' title='bbox 234 343 407 410; x_wconf 91' lang='lat' dir='ltr'>commisso;</span> <span class='ocrx_word' id='word_1_7' title='bbox 436 343 464 400; x_wconf 95' lang='lat' dir='ltr'>in</span> <span class='ocrx_word' id='word_1_8' title='bbox 493 343 641 417; x_wconf 90' lang='lat' dir='ltr'>secundo,</span> <span class='ocrx_word' id='word_1_9' title='bbox 670 360 745 420; x_wconf 90' lang='lat' dir='ltr'>quae</span> <span class='ocrx_word' id='word_1_10' title='bbox 768 341 805 400; x_wconf 91' lang='lat' dir='ltr'>ad</span> <span class='ocrx_word' id='word_1_11' title='bbox 832 339 977 418; x_wconf 90' lang='lat' dir='ltr'>proelium</span> <span class='ocrx_word' id='word_1_12' title='bbox 1009 348 1040 399; x_wconf 89' lang='lat' dir='ltr'>et</span> <span class='ocrx_word' id='word_1_13' title='bbox 1062 358 1132 400; x_wconf 88' lang='lat' dir='ltr'>con·-</span> 
     </span>
     <span class='ocr_line' id='line_1_3' title="bbox 86 423 1131 505; baseline -0.007 -16"><span class='ocrx_word' id='word_1_14' title='bbox 86 430 192 489; x_wconf 84' lang='lat' dir='ltr'>iectam</span> <span class='ocrx_word' id='word_1_15' title='bbox 209 429 392 505; x_wconf 77' lang='lat' dir='ltr'>pacationem</span> <span class='ocrx_word' id='word_1_16' title='bbox 410 427 589 504; x_wconf 89' lang='lat' dir='ltr'>pertineaut;</span> <span class='ocrx_word' id='word_1_17' title='bbox 608 424 895 486; x_wconf 88' lang='lat' dir='ltr'>tertius.inierendae</span> <span class='ocrx_word' id='word_1_18' title='bbox 908 423 1131 502; x_wconf 88' lang='lat' dir='ltr'>solvendaeque</span> 
     </span>
     <span class='ocr_line' id='line_1_4' title="bbox 88 508 1130 589; baseline -0.006 -17"><span class='ocrx_word' id='word_1_19' title='bbox 88 513 249 573; x_wconf 86' lang='lat' dir='ltr'>obsidionis</span> <span class='ocrx_word' id='word_1_20' title='bbox 270 511 391 571; x_wconf 91' lang='lat' dir='ltr'>habebit</span> <span class='ocrx_word' id='word_1_21' title='bbox 416 518 639 588; x_wconf 71' lang='lat' dir='ltr'>strategemata:</span> <span class='ocrx_word' id='word_1_22' title='bbox 672 508 775 589; x_wconf 91' lang='lat' dir='ltr'>quibus</span> <span class='ocrx_word' id='word_1_23' title='bbox 805 508 946 586; x_wconf 84' lang='lat' dir='ltr'>deinceps</span> <span class='ocrx_word' id='word_1_24' title='bbox 971 508 1130 584; x_wconf 81' lang='lat' dir='ltr'>generibus</span> 
     </span>
     <span class='ocr_line' id='line_1_5' title="bbox 86 594 453 674; baseline -0.011 -18"><span class='ocrx_word' id='word_1_25' title='bbox 86 615 155 656; x_wconf 89' lang='lat' dir='ltr'>suas</span> <span class='ocrx_word' id='word_1_26' title='bbox 178 599 295 674; x_wconf 89' lang='lat' dir='ltr'>species</span> <span class='ocrx_word' id='word_1_27' title='bbox 318 594 453 654; x_wconf 84' lang='lat' dir='ltr'>adtribui.</span> 
     </span>
    </p>

    <p class='ocr_par' dir='ltr' id='par_1_3' title="bbox 85 678 1133 1511">
     <span class='ocr_line' id='line_1_6' title="bbox 171 678 1128 756; baseline -0.005 -18"><span class='ocrx_word' id='word_1_28' title='bbox 171 679 245 739; x_wconf 92' lang='lat' dir='ltr'>Huic</span> <span class='ocrx_word' id='word_1_29' title='bbox 272 679 366 738; x_wconf 88' lang='lat' dir='ltr'>labori</span> <span class='ocrx_word' id='word_1_30' title='bbox 394 695 452 736; x_wconf 92' lang='lat' dir='ltr'>non</span> <span class='ocrx_word' id='word_1_31' title='bbox 477 678 582 737; x_wconf 85' lang='lat' dir='ltr'>iniuste</span> <span class='ocrx_word' id='word_1_32' title='bbox 610 680 724 737; x_wconf 88' lang='lat' dir='ltr'>veniam</span> <span class='ocrx_word' id='word_1_33' title='bbox 751 678 901 756; x_wconf 89' lang='lat' dir='ltr'>paciscar,</span> <span class='ocrx_word' id='word_1_34' title='bbox 932 694 969 734; x_wconf 89' lang='lat' dir='ltr'>ne</span> <span class='ocrx_word' id='word_1_35' title='bbox 998 694 1044 734; x_wconf 93' lang='lat' dir='ltr'>me</span> <span class='ocrx_word' id='word_1_36' title='bbox 1075 693 1128 753; x_wconf 88' lang='lat' dir='ltr'>pro</span> 
     </span>
     <span class='ocr_line' id='line_1_7' title="bbox 85 760 1127 841; baseline -0.007 -17"><span class='ocrx_word' id='word_1_37' title='bbox 85 765 234 824; x_wconf 85' lang='lat' dir='ltr'>incurioso</span> <span class='ocrx_word' id='word_1_38' title='bbox 256 761 467 841; x_wconf 87' lang='lat' dir='ltr'>reprehendat,</span> <span class='ocrx_word' id='word_1_39' title='bbox 495 763 544 840; x_wconf 89' lang='lat' dir='ltr'>qui</span> <span class='ocrx_word' id='word_1_40' title='bbox 571 764 759 838; x_wconf 88' lang='lat' dir='ltr'>praeteritum</span> <span class='ocrx_word' id='word_1_41' title='bbox 789 760 944 838; x_wconf 72' lang='lat' dir='ltr'>aliquod‘a</span> <span class='ocrx_word' id='word_1_42' title='bbox 973 760 1057 818; x_wconf 91' lang='lat' dir='ltr'>nobis</span> <span class='ocrx_word' id='word_1_43' title='bbox 1082 777 1127 818; x_wconf 92' lang='lat' dir='ltr'>re·</span> 
     </span>
     <span class='ocr_line' id='line_1_8' title="bbox 85 844 1130 927; baseline -0.005 -20"><span class='ocrx_word' id='word_1_44' title='bbox 85 848 196 927; x_wconf 89' lang='lat' dir='ltr'>pererit</span> <span class='ocrx_word' id='word_1_45' title='bbox 226 846 401 924; x_wconf 85' lang='lat' dir='ltr'>exemplum.</span> <span class='ocrx_word' id='word_1_46' title='bbox 447 844 519 918; x_wconf 80' lang='lat' dir='ltr'>Quis</span> <span class='ocrx_word' id='word_1_47' title='bbox 542 845 617 904; x_wconf 87' lang='lat' dir='ltr'>enim</span> <span class='ocrx_word' id='word_1_48' title='bbox 638 845 674 904; x_wconf 89' lang='lat' dir='ltr'>ad</span> <span class='ocrx_word' id='word_1_49' title='bbox 695 846 896 925; x_wconf 83' lang='lat' dir='ltr'>percensenda</span> <span class='ocrx_word' id='word_1_50' title='bbox 915 846 1009 903; x_wconf 90' lang='lat' dir='ltr'>omnia</span> <span class='ocrx_word' id='word_1_51' title='bbox 1031 861 1130 902; x_wconf 91' lang='lat' dir='ltr'>monu-</span> 
     </span>
     <span class='ocr_line' id='line_1_9' title="bbox 85 925 1130 1008; baseline -0.005 -18"><span class='ocrx_word' id='word_1_52' title='bbox 85 940 197 1006; x_wconf 90' lang='lat' dir='ltr'>menta,</span> <span class='ocrx_word' id='word_1_53' title='bbox 222 948 296 1008; x_wconf 89' lang='lat' dir='ltr'>quae</span> <span class='ocrx_word' id='word_1_54' title='bbox 318 938 439 1006; x_wconf 89' lang='lat' dir='ltr'>utraque</span> <span class='ocrx_word' id='word_1_55' title='bbox 459 929 557 1006; x_wconf 84' lang='lat' dir='ltr'>lingua</span> <span class='ocrx_word' id='word_1_56' title='bbox 574 927 679 988; x_wconf 86' lang='lat' dir='ltr'>tradita</span> <span class='ocrx_word' id='word_1_57' title='bbox 700 938 781 1004; x_wconf 93' lang='lat' dir='ltr'>sunt,</span> <span class='ocrx_word' id='word_1_58' title='bbox 803 925 948 988; x_wconf 84' lang='lat' dir='ltr'>suificiat?</span> <span class='ocrx_word' id='word_1_59' title='bbox 987 927 1025 986; x_wconf 92' lang='lat' dir='ltr'>Ut</span> <span class='ocrx_word' id='word_1_60' title='bbox 1043 928 1130 987; x_wconf 92' lang='lat' dir='ltr'>multa</span> 
     </span>
     <span class='ocr_line' id='line_1_10' title="bbox 87 1011 1130 1092; baseline -0.005 -17"><span class='ocrx_word' id='word_1_61' title='bbox 87 1015 256 1091; x_wconf 79' lang='lat' dir='ltr'>transirem,</span> <span class='ocrx_word' id='word_1_62' title='bbox 279 1014 347 1073; x_wconf 87' lang='lat' dir='ltr'>milri</span> <span class='ocrx_word' id='word_1_63' title='bbox 373 1015 438 1092; x_wconf 89' lang='lat' dir='ltr'>ipsc</span> <span class='ocrx_word' id='word_1_64' title='bbox 466 1014 600 1092; x_wconf 91' lang='lat' dir='ltr'>permisi;</span> <span class='ocrx_word' id='word_1_65' title='bbox 627 1013 705 1090; x_wconf 87' lang='lat' dir='ltr'>quod</span> <span class='ocrx_word' id='word_1_66' title='bbox 731 1031 778 1072; x_wconf 88' lang='lat' dir='ltr'>rue</span> <span class='ocrx_word' id='word_1_67' title='bbox 805 1030 864 1072; x_wconf 90' lang='lat' dir='ltr'>non</span> <span class='ocrx_word' id='word_1_68' title='bbox 892 1015 954 1072; x_wconf 86' lang='lat' dir='ltr'>sine</span> <span class='ocrx_word' id='word_1_69' title='bbox 976 1028 1064 1070; x_wconf 90' lang='lat' dir='ltr'>causa</span> <span class='ocrx_word' id='word_1_70' title='bbox 1088 1011 1130 1070; x_wconf 88' lang='lat' dir='ltr'>ie·</span> 
     </span>
     <span class='ocr_line' id='line_1_11' title="bbox 90 1095 1128 1177; baseline -0.006 -20"><span class='ocrx_word' id='word_1_71' title='bbox 90 1101 167 1158; x_wconf 90' lang='lat' dir='ltr'>cisse</span> <span class='ocrx_word' id='word_1_72' title='bbox 184 1099 293 1173; x_wconf 85' lang='lat' dir='ltr'>scient,</span> <span class='ocrx_word' id='word_1_73' title='bbox 313 1099 361 1177; x_wconf 90' lang='lat' dir='ltr'>qui</span> <span class='ocrx_word' id='word_1_74' title='bbox 376 1098 496 1157; x_wconf 88' lang='lat' dir='ltr'>aliorum</span> <span class='ocrx_word' id='word_1_75' title='bbox 514 1096 608 1156; x_wconf 88' lang='lat' dir='ltr'>libros</span> <span class='ocrx_word' id='word_1_76' title='bbox 626 1096 730 1156; x_wconf 88' lang='lat' dir='ltr'>eadem</span> <span class='ocrx_word' id='word_1_77' title='bbox 749 1099 975 1175; x_wconf 86' lang='lat' dir='ltr'>promittentium</span> <span class='ocrx_word' id='word_1_78' title='bbox 990 1095 1128 1171; x_wconf 84' lang='lat' dir='ltr'>legerint.</span> 
     </span>
     <span class='ocr_line' id='line_1_12' title="bbox 87 1178 1133 1259; baseline -0.005 -18"><span class='ocrx_word' id='word_1_79' title='bbox 87 1183 195 1242; x_wconf 89' lang='lat' dir='ltr'>Verum</span> <span class='ocrx_word' id='word_1_80' title='bbox 217 1182 305 1242; x_wconf 89' lang='lat' dir='ltr'>lacile</span> <span class='ocrx_word' id='word_1_81' title='bbox 328 1184 397 1258; x_wconf 88' lang='lat' dir='ltr'>erit,</span> <span class='ocrx_word' id='word_1_82' title='bbox 419 1182 472 1241; x_wconf 93' lang='lat' dir='ltr'>sub</span> <span class='ocrx_word' id='word_1_83' title='bbox 494 1199 546 1240; x_wconf 87' lang='lat' dir='ltr'>sua</span> <span class='ocrx_word' id='word_1_84' title='bbox 563 1199 698 1259; x_wconf 86' lang='lat' dir='ltr'>quaeque</span> <span class='ocrx_word' id='word_1_85' title='bbox 721 1183 823 1259; x_wconf 90' lang='lat' dir='ltr'>specie</span> <span class='ocrx_word' id='word_1_86' title='bbox 840 1180 1014 1257; x_wconf 84' lang='lat' dir='ltr'>subgercrc.</span> <span class='ocrx_word' id='word_1_87' title='bbox 1060 1178 1133 1237; x_wconf 89' lang='lat' dir='ltr'>Nam</span> 
     </span>
     <span class='ocr_line' id='line_1_13' title="bbox 89 1265 1130 1345; baseline -0.008 -18"><span class='ocrx_word' id='word_1_88' title='bbox 89 1286 152 1327; x_wconf 90' lang='lat' dir='ltr'>cum</span> <span class='ocrx_word' id='word_1_89' title='bbox 186 1267 243 1326; x_wconf 93' lang='lat' dir='ltr'>hoc</span> <span class='ocrx_word' id='word_1_90' title='bbox 272 1284 364 1345; x_wconf 91' lang='lat' dir='ltr'>opus,</span> <span class='ocrx_word' id='word_1_91' title='bbox 397 1268 473 1325; x_wconf 90' lang='lat' dir='ltr'>sicut</span> <span class='ocrx_word' id='word_1_92' title='bbox 498 1273 616 1340; x_wconf 88' lang='lat' dir='ltr'>cetera,</span> <span class='ocrx_word' id='word_1_93' title='bbox 647 1284 716 1323; x_wconf 91' lang='lat' dir='ltr'>usus</span> <span class='ocrx_word' id='word_1_94' title='bbox 747 1267 844 1343; x_wconf 92' lang='lat' dir='ltr'>potius</span> <span class='ocrx_word' id='word_1_95' title='bbox 871 1265 1008 1337; x_wconf 89' lang='lat' dir='ltr'>aliorum,</span> <span class='ocrx_word' id='word_1_96' title='bbox 1047 1281 1130 1339; x_wconf 87' lang='lat' dir='ltr'>quam</span> 
     </span>
     <span class='ocr_line' id='line_1_14' title="bbox 88 1346 1130 1424; baseline -0.006 -14"><span class='ocrx_word' id='word_1_97' title='bbox 88 1369 172 1410; x_wconf 88' lang='lat' dir='ltr'>meae</span> <span class='ocrx_word' id='word_1_98' title='bbox 196 1351 453 1409; x_wconf 85' lang='lat' dir='ltr'>commendationis</span> <span class='ocrx_word' id='word_1_99' title='bbox 473 1367 560 1408; x_wconf 90' lang='lat' dir='ltr'>causa</span> <span class='ocrx_word' id='word_1_100' title='bbox 583 1348 742 1424; x_wconf 84' lang='lat' dir='ltr'>adgressus</span> <span class='ocrx_word' id='word_1_101' title='bbox 770 1351 842 1424; x_wconf 90' lang='lat' dir='ltr'>sim,</span> <span class='ocrx_word' id='word_1_102' title='bbox 873 1346 1001 1408; x_wconf 88' lang='lat' dir='ltr'>adiuvari</span> <span class='ocrx_word' id='word_1_103' title='bbox 1023 1364 1069 1405; x_wconf 92' lang='lat' dir='ltr'>me</span> <span class='ocrx_word' id='word_1_104' title='bbox 1095 1346 1130 1405; x_wconf 89' lang='lat' dir='ltr'>ab</span> 
     </span>
     <span class='ocr_line' id='line_1_15' title="bbox 90 1432 928 1511; baseline -0.005 -19"><span class='ocrx_word' id='word_1_105' title='bbox 90 1433 151 1508; x_wconf 91' lang='lat' dir='ltr'>his,</span> <span class='ocrx_word' id='word_1_106' title='bbox 173 1435 221 1511; x_wconf 88' lang='lat' dir='ltr'>qni</span> <span class='ocrx_word' id='word_1_107' title='bbox 242 1433 349 1511; x_wconf 90' lang='lat' dir='ltr'>aliquid</span> <span class='ocrx_word' id='word_1_108' title='bbox 372 1434 414 1492; x_wconf 93' lang='lat' dir='ltr'>illi</span> <span class='ocrx_word' id='word_1_109' title='bbox 436 1432 601 1505; x_wconf 88' lang='lat' dir='ltr'>adstruent,</span> <span class='ocrx_word' id='word_1_110' title='bbox 621 1449 679 1491; x_wconf 90' lang='lat' dir='ltr'>uon</span> <span class='ocrx_word' id='word_1_111' title='bbox 701 1435 782 1510; x_wconf 87' lang='lat' dir='ltr'>argui</span> <span class='ocrx_word' id='word_1_112' title='bbox 802 1433 928 1493; x_wconf 86' lang='lat' dir='ltr'>credam.</span> 
     </span>
    </p>

    <p class='ocr_par' dir='ltr' id='par_1_4' title="bbox 88 1514 1134 2270">
     <span class='ocr_line' id='line_1_16' title="bbox 175 1514 1130 1593; baseline -0.001 -18"><span class='ocrx_word' id='word_1_113' title='bbox 175 1518 206 1575; x_wconf 89' lang='lat' dir='ltr'>Si</span> <span class='ocrx_word' id='word_1_114' title='bbox 229 1518 276 1593; x_wconf 91' lang='lat' dir='ltr'>qui</span> <span class='ocrx_word' id='word_1_115' title='bbox 300 1524 397 1589; x_wconf 89' lang='lat' dir='ltr'>erunt,</span> <span class='ocrx_word' id='word_1_116' title='bbox 421 1515 524 1593; x_wconf 90' lang='lat' dir='ltr'>quibus</span> <span class='ocrx_word' id='word_1_117' title='bbox 546 1514 882 1576; x_wconf 89' lang='lat' dir='ltr'>voluminahaeccordi</span> <span class='ocrx_word' id='word_1_118' title='bbox 902 1516 1130 1589; x_wconf 90' lang='lat' dir='ltr'>sint,n1emine-</span> 
     </span>
     <span class='ocr_line' id='line_1_17' title="bbox 89 1599 1131 1680; baseline -0.001 -21"><span class='ocrx_word' id='word_1_119' title='bbox 89 1601 162 1675; x_wconf 93' lang='lat' dir='ltr'>rint,</span> <span class='ocrx_word' id='word_1_120' title='bbox 186 1600 443 1675; x_wconf 82' lang='lat' dir='ltr'>strategematicon</span> <span class='ocrx_word' id='word_1_121' title='bbox 467 1608 496 1658; x_wconf 89' lang='lat' dir='ltr'>et</span> <span class='ocrx_word' id='word_1_122' title='bbox 521 1607 749 1675; x_wconf 75' lang='lat' dir='ltr'>stratagematon</span> <span class='ocrx_word' id='word_1_123' title='bbox 773 1618 913 1680; x_wconf 89' lang='lat' dir='ltr'>perquam</span> <span class='ocrx_word' id='word_1_124' title='bbox 941 1599 1062 1659; x_wconf 91' lang='lat' dir='ltr'>similem</span> <span class='ocrx_word' id='word_1_125' title='bbox 1083 1618 1131 1658; x_wconf 90' lang='lat' dir='ltr'>ua-</span> 
     </span>
     <span class='ocr_line' id='line_1_18' title="bbox 90 1682 1131 1763; baseline -0.002 -19"><span class='ocrx_word' id='word_1_126' title='bbox 90 1693 183 1744; x_wconf 88' lang='lat' dir='ltr'>turam</span> <span class='ocrx_word' id='word_1_127' title='bbox 204 1683 385 1744; x_wconf 88' lang='lat' dir='ltr'>discernere.</span> <span class='ocrx_word' id='word_1_128' title='bbox 429 1682 501 1742; x_wconf 84' lang='lat' dir='ltr'>Nam</span> <span class='ocrx_word' id='word_1_129' title='bbox 530 1701 594 1742; x_wconf 88' lang='lat' dir='ltr'>curn</span> <span class='ocrx_word' id='word_1_130' title='bbox 619 1684 731 1761; x_wconf 84' lang='lat' dir='ltr'>omnia,</span> <span class='ocrx_word' id='word_1_131' title='bbox 762 1704 835 1763; x_wconf 89' lang='lat' dir='ltr'>quae</span> <span class='ocrx_word' id='word_1_132' title='bbox 859 1703 874 1744; x_wconf 91' lang='lat' dir='ltr'>a</span> <span class='ocrx_word' id='word_1_133' title='bbox 898 1684 973 1744; x_wconf 91' lang='lat' dir='ltr'>duce</span> <span class='ocrx_word' id='word_1_134' title='bbox 995 1684 1131 1761; x_wconf 76' lang='lat' dir='ltr'>provide,</span> 
     </span>
     <span class='ocr_line' id='line_1_19' title="bbox 88 1767 1132 1846; baseline -0.001 -19"><span class='ocrx_word' id='word_1_135' title='bbox 88 1768 216 1844; x_wconf 82' lang='lat' dir='ltr'>utiliter,</span> <span class='ocrx_word' id='word_1_136' title='bbox 237 1767 407 1844; x_wconf 84' lang='lat' dir='ltr'>magnifice,</span> <span class='ocrx_word' id='word_1_137' title='bbox 430 1776 598 1827; x_wconf 86' lang='lat' dir='ltr'>constanter</span> <span class='ocrx_word' id='word_1_138' title='bbox 618 1768 703 1844; x_wconf 83' lang='lat' dir='ltr'>liunt,</span> <span class='ocrx_word' id='word_1_139' title='bbox 727 1769 963 1846; x_wconf 82' lang='lat' dir='ltr'>strategematica</span> <span class='ocrx_word' id='word_1_140' title='bbox 980 1767 1132 1827; x_wconf 90' lang='lat' dir='ltr'>habebun-</span> 
     </span>
     <span class='ocr_line' id='line_1_20' title="bbox 90 1851 1133 1930; baseline -0.001 -20"><span class='ocrx_word' id='word_1_141' title='bbox 90 1862 152 1927; x_wconf 89' lang='lat' dir='ltr'>tur,</span> <span class='ocrx_word' id='word_1_142' title='bbox 181 1861 257 1926; x_wconf 92' lang='lat' dir='ltr'>tum,</span> <span class='ocrx_word' id='word_1_143' title='bbox 288 1852 313 1911; x_wconf 88' lang='lat' dir='ltr'>si</span> <span class='ocrx_word' id='word_1_144' title='bbox 341 1853 370 1910; x_wconf 91' lang='lat' dir='ltr'>in</span> <span class='ocrx_word' id='word_1_145' title='bbox 396 1853 497 1930; x_wconf 89' lang='lat' dir='ltr'>specie</span> <span class='ocrx_word' id='word_1_146' title='bbox 528 1870 628 1911; x_wconf 88' lang='lat' dir='ltr'>eorum</span> <span class='ocrx_word' id='word_1_147' title='bbox 651 1862 733 1930; x_wconf 90' lang='lat' dir='ltr'>sunt,</span> <span class='ocrx_word' id='word_1_148' title='bbox 761 1861 979 1930; x_wconf 85' lang='lat' dir='ltr'>strategemata.</span> <span class='ocrx_word' id='word_1_149' title='bbox 1024 1851 1133 1910; x_wconf 89' lang='lat' dir='ltr'>Horum</span> 
     </span>
     <span class='ocr_line' id='line_1_21' title="bbox 89 1934 1132 2016; baseline -0.002 -22"><span class='ocrx_word' id='word_1_150' title='bbox 89 1936 210 2014; x_wconf 91' lang='lat' dir='ltr'>proprie</span> <span class='ocrx_word' id='word_1_151' title='bbox 239 1937 334 1995; x_wconf 91' lang='lat' dir='ltr'>visin</span> <span class='ocrx_word' id='word_1_152' title='bbox 359 1946 421 1996; x_wconf 90' lang='lat' dir='ltr'>arte</span> <span class='ocrx_word' id='word_1_153' title='bbox 448 1936 640 2014; x_wconf 85' lang='lat' dir='ltr'>sollertiaque</span> <span class='ocrx_word' id='word_1_154' title='bbox 666 1940 761 2015; x_wconf 87' lang='lat' dir='ltr'>posita</span> <span class='ocrx_word' id='word_1_155' title='bbox 788 1938 905 2016; x_wconf 84' lang='lat' dir='ltr'>proicit</span> <span class='ocrx_word' id='word_1_156' title='bbox 928 1945 984 1995; x_wconf 89' lang='lat' dir='ltr'>tam</span> <span class='ocrx_word' id='word_1_157' title='bbox 1006 1934 1055 1995; x_wconf 90' lang='lat' dir='ltr'>ubi</span> <span class='ocrx_word' id='word_1_158' title='bbox 1084 1953 1132 1995; x_wconf 93' lang='lat' dir='ltr'>ca·</span> 
     </span>
     <span class='ocr_line' id='line_1_22' title="bbox 89 2019 1134 2100; baseline -0.003 -21"><span class='ocrx_word' id='word_1_159' title='bbox 89 2019 201 2080; x_wconf 90' lang='lat' dir='ltr'>vendus</span> <span class='ocrx_word' id='word_1_160' title='bbox 227 2038 311 2098; x_wconf 86' lang='lat' dir='ltr'>quam</span> <span class='ocrx_word' id='word_1_161' title='bbox 339 2022 387 2081; x_wconf 92' lang='lat' dir='ltr'>ubi</span> <span class='ocrx_word' id='word_1_162' title='bbox 419 2020 633 2100; x_wconf 50' lang='lat' dir='ltr'>opprimendus¹</span> <span class='ocrx_word' id='word_1_163' title='bbox 657 2020 751 2082; x_wconf 91' lang='lat' dir='ltr'>hostis</span> <span class='ocrx_word' id='word_1_164' title='bbox 778 2024 825 2080; x_wconf 91' lang='lat' dir='ltr'>sit.</span> <span class='ocrx_word' id='word_1_165' title='bbox 871 2021 935 2094; x_wconf 82' lang='lat' dir='ltr'>Qua</span> <span class='ocrx_word' id='word_1_166' title='bbox 955 2021 983 2077; x_wconf 93' lang='lat' dir='ltr'>in</span> <span class='ocrx_word' id='word_1_167' title='bbox 1012 2038 1044 2079; x_wconf 91' lang='lat' dir='ltr'>re</span> <span class='ocrx_word' id='word_1_168' title='bbox 1069 2037 1134 2078; x_wconf 91' lang='lat' dir='ltr'>cum</span> 
     </span>
     <span class='ocr_line' id='line_1_23' title="bbox 89 2103 1134 2185; baseline -0.001 -22"><span class='ocrx_word' id='word_1_169' title='bbox 89 2104 247 2165; x_wconf 90' lang='lat' dir='ltr'>verborum</span> <span class='ocrx_word' id='word_1_170' title='bbox 274 2123 391 2185; x_wconf 80' lang='lat' dir='ltr'>quoque</span> <span class='ocrx_word' id='word_1_171' title='bbox 419 2106 540 2166; x_wconf 91' lang='lat' dir='ltr'>illustris</span> <span class='ocrx_word' id='word_1_172' title='bbox 563 2105 708 2176; x_wconf 86' lang='lat' dir='ltr'>exstiterit</span> <span class='ocrx_word' id='word_1_173' title='bbox 743 2107 884 2182; x_wconf 86' lang='lat' dir='ltr'>ellectus,</span> <span class='ocrx_word' id='word_1_174' title='bbox 912 2113 943 2163; x_wconf 88' lang='lat' dir='ltr'>ut</span> <span class='ocrx_word' id='word_1_175' title='bbox 975 2103 1134 2178; x_wconf 80' lang='lat' dir='ltr'>factorum,</span> 
     </span>
     <span class='ocr_line' id='line_1_24' title="bbox 90 2189 633 2270; baseline -0.002 -23"><span class='ocrx_word' id='word_1_176' title='bbox 90 2190 128 2248; x_wconf 90' lang='lat' dir='ltr'>ita</span> <span class='ocrx_word' id='word_1_177' title='bbox 150 2189 293 2249; x_wconf 89' lang='lat' dir='ltr'>dictorum</span> <span class='ocrx_word' id='word_1_178' title='bbox 317 2191 452 2270; x_wconf 86' lang='lat' dir='ltr'>exempla</span> <span class='ocrx_word' id='word_1_179' title='bbox 474 2191 633 2269; x_wconf 90' lang='lat' dir='ltr'>posuimus.</span> 
     </span>
    </p>
   </div>
   <div class='ocr_carea' id='block_1_3' title="bbox 504 2367 718 2377">
    <p class='ocr_par' dir='ltr' id='par_1_5' title="bbox 504 2367 718 2377">
     <span class='ocr_line' id='line_1_25' title="bbox 504 2367 718 2377; baseline 0 -1"><span class='ocrx_word' id='word_1_180' title='bbox 504 2367 718 2377; x_wconf 45' lang='grc' dir='ltr'>-η--ῇ</span> 
     </span>
    </p>
   </div>
   <div class='ocr_carea' id='block_1_4' title="bbox 204 2524 1030 2789">
    <p class='ocr_par' dir='ltr' id='par_1_6' title="bbox 204 2524 1030 2789">
     <span class='ocr_line' id='line_1_26' title="bbox 395 2524 832 2624; baseline 0.005 -4"><span class='ocrx_word' id='word_1_181' title='bbox 395 2524 484 2621; x_wconf 79' lang='lat' dir='ltr'>ill.</span> <span class='ocrx_word' id='word_1_182' title='bbox 506 2526 611 2623; x_wconf 86' lang='lat' dir='ltr'>tntn</span> <span class='ocrx_word' id='word_1_183' title='bbox 631 2525 832 2624; x_wconf 84' lang='lat' dir='ltr'>iltillllti</span> 
     </span>
     <span class='ocr_line' id='line_1_27' title="bbox 204 2708 1030 2789; baseline 0.001 -4"><span class='ocrx_word' id='word_1_184' title='bbox 204 2708 668 2786; x_wconf 78' lang='lat' dir='ltr'>sunannonuanroon</span> <span class='ocrx_word' id='word_1_185' title='bbox 688 2713 825 2786; x_wconf 79' lang='lat' dir='ltr'>cicun</span> <span class='ocrx_word' id='word_1_186' title='bbox 848 2713 1030 2789; x_wconf 78' lang='lat' dir='ltr'>narnus.</span> 
     </span>
    </p>
   </div>
   <div class='ocr_carea' id='block_1_5' title="bbox 528 2908 679 2920">
    <p class='ocr_par' dir='ltr' id='par_1_7' title="bbox 528 2908 679 2920">
     <span class='ocr_line' id='line_1_28' title="bbox 528 2908 679 2920; baseline 0 -3"><span class='ocrx_word' id='word_1_187' title='bbox 528 2908 679 2920; x_wconf 73' lang='grc'><em>.--.--.-.,</em></span> 
     </span>
    </p>
   </div>
   <div class='ocr_carea' id='block_1_6' title="bbox 93 3015 1136 3177">
    <p class='ocr_par' dir='ltr' id='par_1_8' title="bbox 93 3015 1136 3177">
     <span class='ocr_line' id='line_1_29' title="bbox 119 3015 1136 3096; baseline 0.005 -23"><span class='ocrx_word' id='word_1_188' title='bbox 119 3077 121 3082; x_wconf 70' lang='grc'>,</span> <span class='ocrx_word' id='word_1_189' title='bbox 177 3015 278 3074; x_wconf 85' lang='lat' dir='ltr'>Series</span> <span class='ocrx_word' id='word_1_190' title='bbox 301 3032 419 3090; x_wconf 90' lang='lat' dir='ltr'>eorum,</span> <span class='ocrx_word' id='word_1_191' title='bbox 444 3035 518 3094; x_wconf 91' lang='lat' dir='ltr'>quae</span> <span class='ocrx_word' id='word_1_192' title='bbox 541 3017 681 3081; x_wconf 88' lang='lat' dir='ltr'>instruant</span> <span class='ocrx_word' id='word_1_193' title='bbox 703 3018 806 3082; x_wconf 90' lang='lat' dir='ltr'>ducem</span> <span class='ocrx_word' id='word_1_194' title='bbox 835 3020 864 3078; x_wconf 93' lang='lat' dir='ltr'>in</span> <span class='ocrx_word' id='word_1_195' title='bbox 885 3017 948 3094; x_wconf 92' lang='lat' dir='ltr'>his,</span> <span class='ocrx_word' id='word_1_196' title='bbox 973 3035 1049 3096; x_wconf 86' lang='lat' dir='ltr'>quae</span> <span class='ocrx_word' id='word_1_197' title='bbox 1070 3029 1136 3079; x_wconf 90' lang='lat' dir='ltr'>ante</span> 
     </span>
     <span class='ocr_line' id='line_1_30' title="bbox 93 3099 481 3177; baseline 0.005 -20"><span class='ocrx_word' id='word_1_198' title='bbox 93 3099 236 3177; x_wconf 90' lang='lat' dir='ltr'>proelium</span> <span class='ocrx_word' id='word_1_199' title='bbox 255 3100 385 3176; x_wconf 80' lang='lat' dir='ltr'>gerenda</span> <span class='ocrx_word' id='word_1_200' title='bbox 408 3111 481 3161; x_wconf 90' lang='lat' dir='ltr'>sunt.</span> 
     </span>
    </p>
   </div>
   <div class='ocr_carea' id='block_1_7' title="bbox 162 3181 1083 3519">
    <p class='ocr_par' dir='ltr' id='par_1_9' title="bbox 162 3181 1083 3519">
     <span class='ocr_line' id='line_1_31' title="bbox 186 3181 647 3246; baseline 0.004 -5"><span class='ocrx_word' id='word_1_201' title='bbox 186 3181 208 3242; x_wconf 90' lang='lat'>1.</span> <span class='ocrx_word' id='word_1_202' title='bbox 232 3181 278 3242; x_wconf 92' lang='lat' dir='ltr'>De</span> <span class='ocrx_word' id='word_1_203' title='bbox 302 3183 482 3246; x_wconf 84' lang='lat' dir='ltr'>occultandis</span> <span class='ocrx_word' id='word_1_204' title='bbox 506 3187 647 3246; x_wconf 90' lang='lat' dir='ltr'>consiliis.</span> 
     </span>
     <span class='ocr_line' id='line_1_32' title="bbox 176 3264 793 3346; baseline 0.011 -20"><span class='ocrx_word' id='word_1_205' title='bbox 176 3265 213 3327; x_wconf 91' lang='lat' dir='ltr'>ll.</span> <span class='ocrx_word' id='word_1_206' title='bbox 235 3264 280 3327; x_wconf 86' lang='lat' dir='ltr'>De</span> <span class='ocrx_word' id='word_1_207' title='bbox 303 3268 490 3346; x_wconf 85' lang='lat' dir='ltr'>explorandis</span> <span class='ocrx_word' id='word_1_208' title='bbox 509 3271 638 3330; x_wconf 92' lang='lat' dir='ltr'>consiliis</span> <span class='ocrx_word' id='word_1_209' title='bbox 660 3271 793 3334; x_wconf 91' lang='lat' dir='ltr'>hostium.</span> 
     </span>
     <span class='ocr_line' id='line_1_33' title="bbox 162 3349 709 3415; baseline 0.005 -5"><span class='ocrx_word' id='word_1_210' title='bbox 162 3349 212 3411; x_wconf 92' lang='lat' dir='ltr'>lll.</span> <span class='ocrx_word' id='word_1_211' title='bbox 236 3350 281 3411; x_wconf 89' lang='lat' dir='ltr'>De</span> <span class='ocrx_word' id='word_1_212' title='bbox 304 3355 509 3414; x_wconf 88' lang='lat' dir='ltr'>constituendo</span> <span class='ocrx_word' id='word_1_213' title='bbox 532 3363 607 3414; x_wconf 88' lang='lat' dir='ltr'>statu</span> <span class='ocrx_word' id='word_1_214' title='bbox 629 3354 709 3415; x_wconf 82' lang='lat' dir='ltr'>ltclli.</span> 
     </span>
     <span class='ocr_line' id='line_1_34' title="bbox 162 3434 1083 3519; baseline 0.002 -22"><span class='ocrx_word' id='word_1_215' title='bbox 162 3434 211 3497; x_wconf 79' lang='lat' dir='ltr'>lt.</span> <span class='ocrx_word' id='word_1_216' title='bbox 234 3435 279 3498; x_wconf 91' lang='lat' dir='ltr'>De</span> <span class='ocrx_word' id='word_1_217' title='bbox 300 3437 515 3500; x_wconf 87' lang='lat' dir='ltr'>transducendo</span> <span class='ocrx_word' id='word_1_218' title='bbox 538 3441 670 3500; x_wconf 82' lang='lat' dir='ltr'>exercitu</span> <span class='ocrx_word' id='word_1_219' title='bbox 693 3457 746 3519; x_wconf 91' lang='lat' dir='ltr'>per</span> <span class='ocrx_word' id='word_1_220' title='bbox 768 3439 835 3502; x_wconf 89' lang='lat' dir='ltr'>loca</span> <span class='ocrx_word' id='word_1_221' title='bbox 855 3441 934 3503; x_wconf 88' lang='lat' dir='ltr'>hosti</span> <span class='ocrx_word' id='word_1_222' title='bbox 957 3440 1083 3503; x_wconf 90' lang='lat' dir='ltr'>insessa.</span> 
     </span>
    </p>
   </div>
   <div class='ocr_carea' id='block_1_8' title="bbox 0 0 1233 3848">
    <p class='ocr_par' dir='ltr' id='par_1_10' title="bbox 0 0 1233 3848">
     <span class='ocr_line' id='line_1_35' title="bbox 0 0 1233 3848; baseline 0 0"><span class='ocrx_word' id='word_1_223' title='bbox 0 0 1233 3848; x_wconf 95' lang='lat' dir='ltr'> </span> 
     </span>
    </p>
   </div>
  </div>
 </body>
</html>
