2438 3848
227 184 569 235 snnnrnenucnrtcon
589 186 660 235 ms.
677 188 723 236 nv.
748 185 823 237 our.
837 189 963 238 v-vu.
1071 179 1109 240 91

70 342 123 400 luit
145 349 175 399 et
202 339 355 416 gregalem
377 356 454 416 equo
477 342 630 420 imposuit,
655 360 741 402 cursu
764 343 829 423 ipse
852 338 982 423 pedestri
1003 345 1040 405 ad
1063 345 1114 406 de·

70 425 207 484 stinctum
233 425 331 500 iugum
358 424 548 484 contendens.
594 423 682 485 Cuius
705 426 774 486 iacti
800 426 936 487 ruborem
960 446 1025 487 curu
1046 447 1113 506 per·

70 508 133 586 peti
153 506 239 566 miles
257 525 316 566 non
335 516 455 586 posset,
478 508 666 569 irridentibus
682 511 925 582 commilitonibus
940 520 1047 590 sponte
1064 512 1115 572 de·

71 592 197 651 scendit.
235 589 465 670 Xenophontem¹
481 594 533 652 uix
551 593 680 653 universi
694 595 900 673 perpulerunt,
922 605 953 655 ut
973 612 1114 655 conscen·
1152 612 1157 622 ·

72 675 158 736 deret
183 692 288 753 equum
318 685 349 736 et
376 675 509 736 laborem
536 694 618 737 snum
643 677 673 736 in
703 680 873 740 necessaria
900 679 967 739 duci
995 697 1116 740 munera

72 766 252 819 reservaret.

158 841 187 902 3.
228 841 416 918 Alexander,
436 859 500 903 cum
520 842 617 904 hieme
641 844 763 905 duceret
784 846 961 922 exercitum,
981 845 1117 906 residens

72 923 108 985 ad
130 926 228 1003 ignem
249 942 469 1002 recognoscere
488 937 711 1004 praetereuntes
727 931 829 1008 copias
852 932 967 1008 coepit;
991 948 1116 1007 cumque

72 1011 281 1088 conspexisset
309 1011 461 1088 quemdam
480 1027 574 1089 prope
597 1014 790 1073 exanimatum
808 1014 937 1091 frigore,
961 1015 1117 1074 considere

72 1093 141 1153 loco
165 1111 218 1153 suo
238 1095 321 1162 iussit
344 1094 473 1173 dixitque
496 1095 540 1153 ei:
560 1095 591 1155 Si
607 1096 635 1153 in
657 1094 755 1154 Persis
768 1104 851 1156 natus
867 1115 969 1172 esses,
989 1098 1018 1156 iu
1031 1098 1116 1173 regia

73 1176 150 1237 sella
161 1177 310 1237 resedisse
322 1176 374 1237 tibi
392 1177 498 1255 capital
511 1178 604 1253 foret,
624 1179 652 1236 iu
663 1178 835 1239 Macedonia
852 1189 919 1239 nato
933 1181 1114 1239 conceditur.

117 1277 119 1280 ⁴
158 1263 189 1321 4.
235 1261 326 1321 Divus
351 1260 502 1338 Augustus
523 1261 739 1338 Vespasianus,
769 1280 833 1321 cum
863 1263 1015 1341 quemdam
1044 1262 1114 1323 ado·

72 1345 237 1404 lescentem
254 1346 379 1405 honeste
394 1353 508 1421 natum,
530 1344 648 1404 militiae
662 1344 836 1421 inhabilem,
861 1347 1056 1423 angustiarum
1073 1346 1117 1406 rei

72 1426 223 1488 familiaris
238 1446 325 1488 causa
342 1428 477 1489 eductum
491 1429 526 1489 ad
546 1428 710 1506 longiorem
731 1429 860 1491 ordinem
874 1431 1026 1508 rescisset,
1048 1447 1116 1492 con·

73 1511 175 1571 stituto
200 1530 290 1573 censu
311 1513 434 1574 honesta
452 1512 591 1574 missione
610 1515 821 1575 exauctoravit.

470 1679 621 1771 orror
641 1680 720 1741 vn.

394 1812 443 1859 DE
464 1812 581 1861 vultus
608 1812 790 1862 CONSILIIS.

163 1933 191 1990 1.
231 1928 263 1990 C.
288 1928 399 1991 Caesar
418 1931 551 2009 dicebat,
573 1933 649 1993 idem
673 1932 728 1991 sihi
751 1949 819 1991 esse
835 1930 988 1991 consilium
1011 1932 1114 1992 adver·

73 2032 126 2074 sus
148 2013 280 2090 hostem,
311 2013 389 2091 quod
416 2014 567 2093 plerisque
589 2016 710 2075 medicis
733 2023 834 2075 eontra
854 2016 923 2074 vitia
946 2031 1114 2092 corporum,

72 2098 151 2158 fame
173 2100 271 2175 potius
292 2115 377 2174 quam
397 2097 478 2157 ierro
501 2097 667 2176 superandi.

161 2181 191 2239 2.
236 2179 379 2240 Domitius
401 2177 530 2241 Corbulo
557 2180 686 2241 dolabris
709 2190 739 2241 ct
761 2179 899 2261 operibus
921 2178 1037 2240 hostem
1054 2181 1116 2240 vin·

74 2265 200 2325 cendum
223 2282 290 2323 esse
314 2263 438 2323 dicebat.

149 2348 190 2409 ,3.
235 2347 267 2407 L.
285 2347 401 2407 Paullus
419 2350 624 2428 imperatorem
644 2365 744 2408 senem
762 2348 890 2408 moribus
913 2348 1030 2409 dicebat
1048 2367 1116 2409 esse

75 2439 234 2510 oportere,
258 2432 426 2509 significans
448 2433 644 2493 moderatiora
667 2432 816 2512 sequenda
839 2432 970 2494 consilia.

162 2518 191 2574 4.
234 2517 334 2595 Scipio
356 2515 512 2578 Africanus
540 2517 631 2576 fertur
664 2519 791 2593 dixisse,
821 2533 973 2577 cumeum
1002 2517 1117 2594 quidam

75 2617 176 2678 parum
198 2617 360 2678 pugnacem
383 2601 533 2662 dicerent:
561 2601 771 2681 Imperatorem
792 2618 839 2660 me
861 2609 953 2661 mater
974 2617 1033 2659 non
1053 2599 1116 2660 hel·

74 2683 201 2743 latorem
222 2685 348 2760 peperit.

163 2767 193 2825 5.
238 2763 271 2825 C.
294 2765 400 2827 Marius
430 2765 581 2843 Teutono,
610 2767 784 2845 provocanti
808 2784 873 2825 eum
903 2774 933 2825 et
958 2762 1118 2842 postulanti

194 2849 261 2879 ι
394 2850 470 2946 psit.
494 2851 519 2909 si
542 2851 664 2915 cupidus
682 2851 783 2909 mortis
798 2857 895 2925 esset,
922 2849 1029 2926 laqueo
1053 2863 1118 2905 eum

74 2962 128 3021 ὅθ,
151 2950 177 3007 si
200 2971 265 3014 enm
284 2908 517 3040 superasslllope
532 2918 655 3008 “nlla“
672 2929 776 2986 aetatis
795 2933 1035 3013 ⁰bieoil'e‘idirii

458 3021 468 3054 ‚
491 2999 554 3047 curn
575 3005 688 3059 victore
709 3023 943 3088 congressurum,

160 3034 189 3132 6..
234 3037 269 3112 Q.
294 3047 456 3136 Sertorius,
486 3072 563 3142 quod
586 3087 788 3158 experimento
815 3100 956 3174 didicerat
973 3117 1112 3200 imparem

407 3157 486 3204 orum
518 3163 675 3240 exercitui,
704 3173 735 3232 ut
760 3177 901 3252 barbaros
928 3214 1045 3282 quoque
1070 3215 1109 3260 ‘-

396 3241 554 3301 poscentes
571 3242 707 3331 doceret,
724 3259 854 3329 adductis
872 3275 901 3336 iu
1067 3233 1095 3274 m

325 3319 426 3369 eurum
440 3322 612 3392 praevalido
634 3333 719 3398 alteri

1036 2947 1118 3043 tiit}

69 3200 204 3262 consulte
216 3223 340 3287 pugnam
357 3219 393 3280 de

66 3278 182 3344 duobus
204 3295 301 3376 equis,
