2438 3848
250 155 590 206 sunsuuouuaumou
615 155 684 202 uro.
707 156 730 202 1.
751 154 826 203 cur.
850 154 901 205 uu
924 157 971 204 rv.
1107 144 1126 203 9

81 330 149 373 meu
169 311 233 370 eius
248 294 604 389 scorpionibus'adgressi
624 320 739 386 essent,
756 310 985 388 captividlatera
1002 313 1128 372 euntium

83 396 266 476 praetexuit:
288 412 410 474 quorum
432 403 571 472 respectu
592 394 693 454 hostes
715 394 867 454 inhibuere
890 390 960 454 tela.

171 479 200 538 2.
225 478 383 556 Agesilaus
400 477 648 539 Lacedaemonius
662 497 724 538 cum
737 479 847 557 praeda
860 488 980 537 onustus
992 478 1126 556 exPhry·

83 567 132 640 gia
153 563 282 638 rediret,
310 565 593 642 insequerenturque
620 563 721 623 hostes
754 571 783 622 et
805 562 841 622 ad
864 562 996 622 locorum
1018 579 1126 641 oppor-

84 649 235 707 tunitatem
271 646 456 706 lacesserent
482 665 586 724 agmen
611 648 690 722 eius,
721 647 852 707 ordinem
880 649 1061 724 captivorum
1090 647 1126 706 ab

84 740 213 810 utroquo
233 730 326 790 latere
351 732 500 790 exercitus
531 731 575 789 sui
605 732 762 809 explicuit:
786 731 890 810 quibus
912 731 977 790 dum
999 732 1128 810 parcitur

85 815 121 875 ab
140 815 245 889 hoste,
268 815 393 892 spatium
414 814 582 874 transeundi
603 814 766 874 habuerunt
786 813 1019 875 Lacedaemonii.

171 898 201 960 3.
223 897 321 973 Idem,
340 898 505 958 tenentibus
525 899 673 975 angustias
684 898 849 977 Thebanis,
872 918 927 978 per
946 918 1018 978 quas
1036 909 1127 960 trans·

85 983 211 1043 eundum
235 980 380 1058 habehat,
403 982 485 1041 ilexit
504 983 579 1057 iter,
598 985 680 1060 quasi
698 982 816 1042 Thebas
838 984 1036 1044 contenderet.
1068 985 1127 1044 Ex·

85 1068 195 1127 territis
218 1065 363 1126 Thebanis
385 1066 586 1144 digressisque
612 1067 648 1125 ad
674 1067 790 1125 tutanda
820 1069 950 1143 moenia,
973 1071 1128 1147 repetitum

84 1153 159 1227 iter,
183 1167 240 1228 quo
261 1150 474 1226 destinaverat,
499 1167 634 1209 emensus
656 1158 701 1208 cst
724 1150 805 1208 nullo
827 1149 999 1210 obsistente.

170 1236 201 1296 4.
218 1233 401 1294 Nicostratus
432 1233 490 1292 dux
515 1233 689 1293 Aetolorum
718 1233 860 1294 adversus
884 1232 1039 1311 Epirotas,
1063 1252 1128 1294 cum

86 1319 114 1378 ei
137 1317 231 1378 aditus
252 1319 281 1377 in
302 1317 375 1376 fines
397 1335 499 1377 eorum
519 1318 633 1394 angusti
659 1317 778 1394 fierent,
807 1335 862 1396 per
887 1317 1009 1377 alterum
1031 1320 1128 1379 locum

84 1405 261 1480 inrupturum
276 1420 310 1461 se
326 1402 501 1477 osteudens,
515 1404 591 1461 omni
610 1400 660 1462 illa
675 1402 711 1461 ad
726 1400 936 1480 prohibendum
952 1414 1127 1463 occurrente

84 1486 271 1564 Epirotarum
293 1485 492 1560 multitudine,
520 1487 638 1565 reliquit
667 1503 736 1545 suos
765 1504 893 1565 paucos,
922 1489 970 1565 qui
996 1489 1127 1567 speciem

84 1571 261 1630 remanentis
281 1571 429 1629 exercitus
450 1568 643 1647 praeberent:
666 1571 731 1648 ipse
754 1588 818 1630 cum
840 1580 939 1631 cetera
961 1591 1055 1649 manu,
1072 1589 1128 1650 qua

85 1672 144 1714 nou
167 1652 409 1732 exspectabatur,
432 1653 537 1713 aditum
561 1655 685 1714 intravit.

171 1739 203 1798 5.
222 1737 459 1816 Autophrodates
481 1737 588 1798 Perses
610 1757 674 1798 cum
689 1739 717 1797 in
739 1738 872 1798 Pisidiam
895 1740 1055 1798 exercitum
1077 1739 1127 1798 du·

87 1830 187 1895 cenet,
221 1829 250 1880 et
278 1822 426 1898 angustias
455 1823 595 1900 quasdam
622 1821 737 1882 Pisidae
763 1831 962 1900 occuparent,
995 1823 1127 1883 simulata

86 1907 246 1967 vexatione
272 1905 444 1980 traiciendi,
471 1907 592 1965 instituit
619 1906 774 1968 reducere.
820 1904 905 1977 Quod
929 1923 992 1964 cum
1012 1906 1128 1966 Pisidae

86 1989 297 2064 credidissent,
319 1989 372 2049 ille
393 1997 482 2048 noctu
508 1989 713 2049 validissimam
738 2005 850 2046 manum
872 1987 909 2047 ad
930 1989 1062 2048 eumdem
1084 1990 1127 2049 lo·

87 2093 153 2134 cum
181 2074 382 2152 occupandum
409 2074 558 2152 praemisit
588 2091 623 2133 ac
651 2080 772 2152 postero
810 2071 857 2130 die
891 2079 983 2130 totum
1013 2073 1128 2132 traiecit

86 2159 259 2219 exercitum.

173 2241 203 2302 6.
227 2240 377 2321 Philippus
402 2239 595 2302 Macedonum
617 2259 686 2319 rex,
710 2240 861 2301 Graeciam
879 2239 1038 2318 adpetens,
1063 2257 1128 2299 cum

87 2325 301 2405 Thermopylas
324 2335 483 2405 occupatas
506 2326 618 2385 audiret
640 2325 726 2385 etad
748 2343 814 2385 eum
836 2325 926 2402 legati
956 2324 1128 2384 Aetolorum

86 2402 237 2470 venissent
259 2411 352 2471 acturi
374 2410 411 2470 de
433 2428 524 2488 pace,
547 2411 669 2469 retentis
686 2411 745 2485 eis,
763 2411 828 2488 ipse
844 2411 955 2486 magnis
977 2408 1128 2468 itineribus

86 2496 122 2556 ad
141 2494 291 2572 angustias
317 2494 484 2573 pertendit,
512 2496 684 2573 securisque
714 2494 883 2558 custodibus
912 2501 942 2553 et
965 2493 1126 2569 legatorum

85 2577 197 2640 reditus
221 2577 475 2656 exspectantibus,
499 2579 662 2656 inopinatus
685 2577 898 2656 Thermopylas
918 2577 1042 2636 traiecit.

140 2696 154 2720 .
173 2664 203 2722 7.
226 2661 406 2740 Iphicrates,
441 2661 499 2721 dux
532 2661 752 2722 Atheniensium
784 2663 925 2722 adversus
954 2660 1128 2721 Anaxibium

85 2746 348 2807 lacedaemonium
370 2746 399 2804 in
417 2744 610 2824 Hellesponto
633 2755 733 2806 contra
745 2746 887 2822 Abydon,
912 2764 976 2805 cum
997 2747 1128 2806 transdu-

87 2830 222 2891 cendam·
232 2831 391 2890 exercitum
407 2829 530 2890 haberet
546 2848 600 2909 per
620 2830 703 2905 loca,
723 2849 798 2909 quae
816 2829 986 2890 stationibus
1004 2830 1129 2890 hostium

86 2914 278 2989 tenebantur,
302 2914 425 2974 alterum
446 2923 541 2974 autem
563 2914 638 2974 latus
667 2915 729 2973 eius
751 2913 858 2974 abscisi
881 2923 994 2974 montes
1015 2932 1128 2992 preme·

86 3008 169 3075 rent,
192 2998 316 3058 alterum
337 3015 416 3057 mare
440 2997 588 3073 adlueret,
611 2997 784 3075 aliquamdiu
806 2996 951 3074 moratus,
976 3017 1041 3058 cum
1059 2999 1129 3058 inci·

87 3084 180 3144 disset
204 3081 339 3159 frigidior
359 3081 448 3141 solito
471 3082 534 3143 dies
557 3091 586 3141 et
615 3081 652 3140 ob
674 3082 732 3140 boc
754 3083 859 3141 nemini
882 3091 1054 3160 suspectus,
1079 3083 1129 3143 de·

36 3171 42 3180 '
87 3168 160 3244 legit
183 3165 364 3226 firmissimos
393 3163 543 3244 quosque,
573 3165 678 3245 quibus
703 3165 772 3225 oleo
804 3183 839 3226 ac
867 3184 949 3226 mero
979 3167 1130 3227 calefactis

87 3268 178 3330 praec
220 3251 259 3327 it,
279 3251 373 3328 ipsam
396 3267 476 3310 oram
490 3251 577 3310 maris
599 3251 750 3328 legerent,
775 3250 942 3330 abruptiora
966 3259 1128 3312 tranarent:

87 3344 178 3417 atque.
206 3335 395 3395 tatcustodes
419 3335 614 3412 augustiarum
636 3336 799 3412 inopinatus
823 3335 971 3414 obpressit
993 3353 1010 3395 a
1032 3344 1128 3410 tergo.

158 3414 203 3483 .'8.
226 3415 279 3491 on
298 3418 453 3500 Pompeius
474 3437 537 3480 cum
552 3418 659 3480 ilumeu
675 3419 799 3481 transire
821 3429 944 3502 propter
965 3418 1142 3496 obpositam
