2438 3848
185 150 188 155 ’
252 188 593 239 sraurueumnuroou
616 190 685 237 ura.
698 191 721 236 1.
743 189 819 238 oar.
833 191 962 238 rx—xr.
1087 175 1123 238 21

80 350 175 407 cisset
205 345 284 426 quod
310 347 480 423 imperatum
509 355 586 421 erat,
617 345 810 405 validissimus
837 364 901 406 cum
927 345 1029 405 infirmi
1061 347 1129 423 eqrri

82 431 175 492 canda
199 433 262 490 sine
279 429 386 490 effectu
401 429 577 505 luctaretur,
598 428 754 506 Naturam,
771 432 861 508 inquit
882 431 1047 503 Sertorius,
1069 429 1127 488 Ro·

80 533 230 577 manarum
246 513 407 575 cohortium
423 531 477 592 per
492 513 550 572 hoc
571 514 656 574 vobis
677 515 841 593 exemplum
858 513 988 588 ostendi,
1005 513 1127 573 milites:

81 599 300 678 insuperabiles
316 607 381 681 sunt
397 599 549 657 universas
570 598 822 675 adgredientibus;
846 599 964 659 easdem
986 598 1130 658 lacerabit

83 695 112 746 et
129 691 247 762 carpet,
272 684 321 762 qui
342 700 396 761 per
416 691 516 759 partes
533 682 734 743 adtentavcrit.

170 767 199 826 2.
244 767 340 842 ldem,
365 785 429 826 cum
452 767 566 827 videret
595 784 664 827 suos
690 784 805 845 pugnae
829 769 941 844 signum
964 767 1129 828 inconsulte

84 854 251 930 flagitantes
271 851 466 928 crederetque
485 861 621 929 rupturos
647 854 814 929 imperium,
834 854 887 910 nisi
911 853 1127 930 congrederen-

54 998 58 1007 ,
83 948 141 1012 tur,
160 937 290 1014 permisit
311 945 420 994 turmae
436 936 563 1013 equitum
580 935 615 995 ad
630 936 822 996 lacessendos
845 935 947 995 hostes
964 940 1021 1005 ire;
1046 936 1128 996 labo-

83 1022 218 1098 rantique
240 1019 371 1079 submisit
395 1018 483 1094 alias,
511 1029 540 1080 et
562 1021 605 1079 sic
626 1022 739 1098 recepit
765 1037 881 1079 omnes:
906 1030 963 1080 tum
985 1022 1128 1099 utrisque,

85 1107 154 1165 tutis
179 1114 207 1164 et
234 1106 295 1163 sine
319 1120 412 1178 noxa,
443 1103 585 1179 ostendit,
614 1104 678 1181 quis
702 1104 797 1162 exitus
825 1102 981 1179 llagitutam
1002 1122 1129 1182 pugnam

84 1191 250 1250 mansisset.
293 1187 571 1266 Obsequentissimis
593 1187 660 1246 inde
676 1189 719 1246 eis
734 1205 803 1246 usus
824 1196 878 1246 est.

171 1272 201 1334 3.
245 1271 404 1348 Agesilaus
430 1271 694 1346 Lacedaemonius,
721 1289 785 1330 cum
811 1271 952 1330 adversus
973 1269 1129 1329 Thebanos

85 1366 182 1418 castra
205 1374 295 1436 super
309 1357 401 1434 ripam
423 1358 571 1435 posuisset
595 1355 745 1433 multoque
765 1356 902 1415 maiorem
926 1356 1049 1414 hostium
1072 1374 1129 1414 ma·

84 1460 151 1516 num
168 1458 236 1500 csse
252 1440 445 1517 intelligeret,
464 1451 492 1500 et
508 1441 574 1500 ideo
595 1457 664 1500 suos
686 1459 789 1500 arcere
808 1458 823 1500 a
847 1441 1003 1519 cupiditate
1026 1440 1129 1500 decer·

84 1526 173 1586 nendi
196 1525 304 1599 vellet,
327 1524 415 1600 dixit,
439 1543 583 1604 responso
610 1525 702 1584 Deum
728 1544 760 1585 se
791 1543 828 1584 ex
851 1526 976 1585 collibus
999 1543 1129 1603 pugnare

85 1611 266 1678 iussnm;‘'et
287 1611 325 1669 ita
352 1610 460 1686 exiguo
487 1611 635 1688 praesIdio
658 1610 694 1669 ad
716 1612 808 1688 ripam
832 1611 928 1688 posito
946 1613 1073 1669 accessit
1101 1611 1130 1667 iu

86 1696 192 1754 colles.
217 1693 302 1767 Quod
315 1693 445 1753 Thebani
460 1711 513 1772 pro
531 1704 607 1754 metu
622 1696 804 1773 interpretati
820 1696 994 1754 transierunt
1009 1693 1128 1756 llumcn:

87 1789 197 1839 etcum
215 1777 302 1837 lacile
319 1777 500 1855 depulissent
516 1779 707 1857 praesidium,
730 1789 848 1838 ceteros
866 1779 987 1839 insecuti
1006 1778 1129 1850 avidius,

86 1865 237 1942 iniquitate
254 1863 386 1922 locorum
403 1881 418 1923 a
434 1863 620 1941 paucioribus
635 1865 703 1922 victi
721 1872 795 1922 sunt.

171 1949 201 2007 4.
247 1945 372 2020 Scorylo
389 1946 446 2006 dux
462 1947 626 2023 Dacorum,
650 1965 713 2006 oum
734 1947 823 2005 sciret
840 1945 1027 2004 dissociatum
1045 1947 1131 2003 armis

87 2031 222 2092 civilibus
244 2030 383 2109 populum
399 2030 574 2105 Romanum,
600 2048 696 2108 neque
714 2038 810 2088 tamen
831 2027 885 2086 sibi
901 2028 1065 2086 tentandum
1086 2047 1130 2086 ar·

86 2116 261 2189 bitraretur,
282 2115 347 2192 quia
369 2123 492 2174 externo
515 2114 595 2175 bello
616 2122 719 2191 posset
739 2111 896 2172 concordia
920 2113 946 2169 in
963 2111 1044 2170 cives
1063 2129 1130 2170 coa·

86 2202 220 2275 loscere,
247 2198 320 2258 duos
346 2217 434 2259 canes
459 2202 487 2258 in
515 2207 677 2276 conspectu
705 2197 886 2276 popularium
912 2197 1058 2255 commisit
1084 2197 1131 2254 iis·

88 2303 144 2363 que
166 2285 310 2344 acerrime
334 2285 407 2342 inter
435 2285 516 2362 ipsos
540 2281 853 2361 pugnantibuslupum
877 2281 1019 2358 ostendit,
1046 2299 1133 2360 quem

88 2370 221 2447 protinus
234 2385 321 2427 canes
334 2369 440 2429 omissa
456 2370 531 2427 inter
551 2386 583 2427 se
601 2369 642 2426 ira
657 2368 789 2444 adgressi
807 2375 880 2426 sunt.
916 2365 981 2439 Quo
995 2367 1132 2445 exemplo

87 2452 236 2530 probibuit
255 2451 396 2511 barbaros
415 2452 450 2512 ab
463 2454 586 2531 impetu,
606 2452 742 2512 Romanis
761 2452 923 2531 profuturo.

496 2617 642 2680 CAPUT
665 2619 722 2679 X-l.

87 2749 368 2810 ouuunnuooum
383 2750 596 2799 ruorrnuous
611 2751 665 2798 arr
680 2750 916 2797 aorucamum
926 2747 1132 2795 sxuacrrcs.

174 2876 201 2934 1.
231 2872 270 2933 M.
287 2871 400 2932 Fabius
424 2881 454 2932 et
477 2868 529 2930 Cn.
551 2870 674 2930 Manlius
700 2869 837 2929 consules
865 2868 1006 2929 adversus
1030 2867 1131 2926 Etrus·

87 2976 154 3035 cos,
182 2967 306 3036 propter
327 2957 487 3016 seditiones
515 2956 695 3016 detractante
726 2954 868 3032 proelium
891 2955 1033 3029 exercitu,
1059 2953 1133 3011 ultro

88 3042 259 3102 simularunt
276 3042 508 3117 cunctationem,
531 3041 626 3100 donec
639 3039 743 3098 milites
759 3037 876 3115 probris
892 3037 1017 3096 hostium
1037 3039 1134 3096 coacti

86 3145 214 3206 pugnam
233 3126 431 3203 deposcerent
453 3127 639 3202 iurarentqne
661 3142 694 3181 se
714 3141 751 3181 ex
772 3139 807 3181 ea
825 3122 956 3181 victores
977 3122 1133 3181 redituros.

173 3210 203 3274 2.
236 3208 354 3268 Fulvius
368 3208 512 3282 Nobilior,
529 3226 592 3267 cum
607 3207 753 3267 adversus·
763 3206 930 3265 Samnitium
948 3223 1134 3265 numerosum

85 3296 249 3357 exercitum
266 3303 295 3353 et
310 3293 501 3366 successibus
516 3292 650 3351 tumidum
661 3292 758 3370 parvis
773 3292 865 3369 copiis
878 3288 1136 3349 necessebaberet

84 3381 260 3452 decertare,
285 3377 428 3438 simulavit
450 3393 535 3435 unam
557 3377 703 3452 legionem
721 3376 845 3434 bostium
868 3394 884 3434 a
912 3393 945 3433 se
969 3382 1136 3450 corruptam

85 3465 119 3524 ad
150 3463 364 3544 proditionem,
395 3461 608 3541 imperavitque
629 3461 665 3520 ad
692 3463 754 3520 eius
780 3461 829 3520 rei
851 3459 946 3519 iidem
964 3456 1097 3514 trinodis
1116 3461 1152 3508 eu
