2438 3848
200 189 247 234 mu
266 187 383 248 roure
405 188 578 236 oucuraus
597 189 699 238 noers
720 189 841 238 noman
860 190 975 238 umen.
1069 179 1109 240 99

64 344 109 403 Ac
138 361 176 402 ne
204 343 272 421 quid
295 343 330 402 ad
357 344 446 401 totius
468 345 512 402 rei
540 344 689 420 pertinens
718 343 846 402 notitiam
875 347 1109 422 praetermisisse

64 429 182 503 videar,
208 428 321 485 nomina
338 429 459 504 primum
484 445 639 503 aquarum,
665 446 739 505 quae
759 429 787 485 in
805 427 905 486 urbem
929 428 1049 488 Romam
1067 432 1108 489 iu·

64 513 172 587 fluunt,
195 528 315 589 ponam;
337 521 397 570 tum
419 530 475 589 per
497 528 570 588 quos
594 530 728 590 quaeque
745 530 843 570 earum
866 520 894 570 et
913 512 1016 589 quibus
1040 531 1109 573 con·

65 595 194 669 solibus,
223 603 312 672 quoto
340 604 409 672 post
433 595 535 654 urbem
564 597 708 655 conditam
739 613 814 654 anno
843 596 1002 672 perductae
1036 599 1108 665 sint;

63 680 287 757 deinde‘qnibus
305 698 343 737 ex
358 679 431 738 locis
449 688 478 738 et
495 697 510 738 a
527 689 616 756 quoto
629 681 751 739 miliario
765 681 953 757 coepissent,
974 690 1113 758 quantum·

63 764 256 824 subterraneo
278 765 359 837 rivo,
382 772 519 841 quantum
539 764 774 837 substructione,
798 772 932 840 quantum
953 782 1045 842 opere
1064 784 1109 824 ar·

65 857 167 916 cuat0;
185 855 253 925 post
276 846 452 905 altitudinem
474 849 630 924 cuiusque,
654 847 895 925 modulorumque
919 851 1060 908 rationem
1082 858 1112 908 et

66 951 142 1010 quae
166 934 353 1008 erogationes
378 930 489 990 abillis
510 931 606 991 factae
628 934 701 998 sint;
731 941 865 1009 quantum
888 941 971 992 extra
996 933 1108 1009 urbem,

66 1026 202 1094 quantum
231 1017 304 1074 intra
331 1015 434 1073 urbem
464 1016 618 1093 unicuique
642 1017 756 1090 regioni
778 1032 832 1092 pro
858 1032 911 1073 suo
934 1017 1020 1076 modo
1041 1035 1108 1077 una·

67 1119 201 1179 quaeque
229 1117 367 1177 aquarum
396 1100 518 1167 serviat;
551 1109 621 1176 quot
645 1099 767 1158 castella
792 1098 909 1176 publica
938 1101 1109 1178 privataque

12 1238 15 1245 .
66 1188 139 1260 sint,
163 1195 191 1243 et
215 1203 253 1242 ex
275 1184 318 1241 his
340 1191 475 1261 quantum
497 1183 623 1260 publicis
648 1182 803 1260 operibuS,
829 1191 963 1257 quantum
985 1186 1109 1242 muneri·

66 1270 139 1344 bus,
166 1301 207 1315 -ι
231 1270 270 1326 ita
297 1270 372 1326 enim
401 1265 539 1325 cultiores
565 1265 730 1344 appellant,
759 1301 801 1311 —
825 1275 959 1343 quantum
986 1266 1108 1342 lacibus,

66 1362 202 1430 quantum
219 1354 333 1410 nomine
350 1349 503 1425 Caesaris,
528 1359 662 1427 quantum
679 1352 856 1428 privatorum
877 1351 939 1408 usui
961 1350 1110 1410 beneficio

64 1438 207 1515 Principis
229 1437 328 1503 detur;
358 1436 436 1513 quod
459 1437 503 1493 ius
525 1435 720 1495 ducendarum
749 1435 979 1513 tuendarumque
1002 1438 1039 1494 sit
1062 1454 1109 1496 ea·

64 1540 142 1588 rum;
166 1539 241 1598 quae
260 1520 288 1579 id
311 1522 440 1579 sauciant
456 1537 586 1598 poenae,
612 1538 650 1578 cx
672 1519 804 1597 legibuS,
829 1520 1110 1580 senatusconsultis

66 1615 96 1664 et
117 1606 257 1665 mandatis
273 1605 435 1682 Principum
459 1608 618 1680 irrogatae.

150 1692 179 1748 4.
222 1689 267 1747 Ab
283 1689 355 1748 urbe
374 1691 488 1749 condita
505 1707 558 1767 per
575 1707 665 1750 annos
684 1702 832 1749 ccccm
847 1690 974 1749 contenti
993 1689 1110 1748 luerunt

65 1775 188 1834 Romani
211 1793 262 1832 usu
285 1792 440 1852 aquarum,
465 1792 536 1851 quas
560 1766 608 1833 aut
631 1793 668 1832 ex
690 1774 789 1832 Tiberi
812 1783 859 1833 aut
883 1792 920 1833 ex
942 1775 1038 1851 puteis
1062 1783 1109 1833 aut

65 1878 103 1919 ex
123 1858 251 1918 fontibus
272 1858 451 1917 hauriebant.
497 1857 629 1915 Fontium
652 1859 792 1915 memoria
810 1858 873 1915 curir
889 1859 1042 1916 sanctitate
1059 1858 1109 1916 ad·

63 1944 121 2003 lruc
148 1952 244 2002 exstat
271 1952 300 2000 et
332 1942 453 1999 colitur:
481 1940 680 1999 salubritatem
708 1941 784 1998 enim
807 1941 905 2013 aegris
935 1940 1109 2017 corporibus

65 2027 172 2088 allerre
191 2027 365 2098 creduntur,
384 2028 458 2083 sicut
475 2020 686 2082 Camoenarum
706 2031 735 2080 et
750 2021 896 2099 Apollinis
914 2032 943 2080 et
962 2021 1107 2081 Iuturnae.

63 2111 147 2170 Nunc
170 2121 264 2169 autem
280 2111 308 2166 in
325 2107 425 2166 urbem
440 2107 573 2166 inlinunt:
595 2124 669 2183 aqua
685 2106 801 2183 Appia,
819 2104 894 2163 Anio
910 2105 1013 2180 Vetus,
1033 2104 1126 2164 Illac.

65 2196 128 2270 cia,
160 2193 288 2270 Tepula,
317 2190 405 2267 lolia,
429 2192 538 2267 Virg0,
567 2190 726 2264 Alsietina,
752 2207 826 2267 quae
858 2190 962 2248 eadem
987 2196 1110 2247 vocatur

64 2280 212 2356 Augusta,
239 2275 376 2352 Claudia,
401 2276 475 2334 Anio
498 2273 608 2334 Novus.

150 2366 179 2421 ὃ.
221 2360 259 2420 ill.
275 2360 394 2418 Valerio
411 2359 555 2436 Maximo,
576 2360 606 2419 P.
624 2361 716 2420 Decio
733 2358 814 2418 lllure
831 2357 1015 2433 consulibus,
1033 2375 1107 2417 anno

63 2457 132 2527 post
155 2448 263 2505 initium
286 2446 434 2505 Samnitici
456 2445 528 2504 belli
551 2459 656 2521 XXXI,
680 2462 753 2522 aqua
771 2443 870 2521 Appia
892 2445 921 2502 in
943 2442 1045 2502 urbem
1066 2444 1107 2501 in-

63 2534 150 2592 ducta
167 2514 263 2590 est⁰ab
283 2529 380 2608 Appio
398 2528 519 2590 Claudio
536 2527 643 2589 Crasso
662 2545 803 2602 censore,
824 2528 869 2586 cui
885 2535 991 2603 postea
1007 2525 1107 2586 Caeco

63 2617 116 2676 luit
137 2633 316 2692 cognomen,
349 2617 397 2693 qui
425 2625 454 2673 et
480 2616 555 2673 viam
577 2615 702 2692 Appiam
727 2631 744 2671 a
765 2619 851 2689 porta
874 2608 993 2688 Capena
1014 2629 1109 2688 usquc

64 2701 101 2760 ad
129 2701 230 2758 urbem
255 2698 382 2776 Capuam
404 2699 586 2757 muniendam
612 2698 731 2757 curavit.
778 2691 931 2768 Collegam
954 2693 1053 2751 habuit
1074 2692 1107 2751 G.

64 2784 223 2858 Plautium,
248 2785 293 2842 cui
317 2783 354 2841 ob
378 2784 528 2860 inquisitas
545 2784 607 2841 eius
630 2798 722 2858 aquae
737 2795 828 2836 venas
848 2776 977 2834 Veuocis
998 2793 1108 2852 cogno·

62 2886 130 2928 men
153 2868 247 2927 datum
271 2875 326 2926 est.
372 2868 431 2926 Sed
449 2868 514 2944 quia
532 2867 557 2924 is
579 2868 651 2924 iutra
667 2880 770 2923 aunum
793 2869 822 2919 et
840 2878 895 2918 sex
909 2876 1038 2935 menses,
1056 2861 1106 2920 de·

65 2962 170 3030 ceptus
186 2971 202 3011 a
219 2952 336 3026 collega
354 2961 497 3028 tamquam
520 2951 653 3008 iuvidiam
672 2949 803 3019 facturo,
824 2942 970 3002 abdicavit
989 2962 1021 3002 se
1039 2961 1107 3002 cen·

64 3055 147 3109 sura,
172 3053 277 3094 nomen
300 3053 394 3112 aqrrae
417 3035 453 3093 ad
475 3033 563 3111 Appii
584 3041 691 3092 tautum
713 3030 862 3088 honorem
877 3029 1034 3106 pertinuit:
1060 3031 1108 3106 qui

64 3121 161 3180 multis
184 3117 476 3196 tergiversationibus
496 3119 660 3182 extraxisse
678 3131 830 3174 censuram
851 3112 989 3188 traditur,
1014 3114 1110 3173 donec

65 3214 95 3265 et
120 3207 196 3264 viam
224 3214 253 3263 et
283 3204 366 3261 huius
395 3220 487 3279 aquae
520 3202 635 3259 ductum
665 3205 886 3259 consummaret.
940 3195 1112 3276 Concipitur

65 3289 161 3367 Appia
186 3291 213 3347 in
243 3306 314 3365 agro
340 3286 517 3360 Lucullano,
550 3286 596 3343 via
623 3283 827 3357 Praenestina,
859 3283 934 3340 inter
959 3281 1112 3340 miliarium

64 3387 114 3432 vll
128 3383 156 3432 et
167 3386 251 3448 Vrrr,
266 3371 441 3432 diverticulo
455 3372 639 3429 sinistrorsus
652 3386 788 3447 passuum
800 3378 977 3426 DCCLXXX.
999 3365 1110 3423 Ductus

66 3460 130 3518 eius
152 3458 240 3518 habet
263 3457 472 3536 longitudinem
489 3474 506 3516 a
528 3456 624 3540 capite
642 3453 786 3531 usquead
805 3451 936 3524 Salinas,
958 3451 1008 3523 uui
1029 3447 1117 3503 locus

870 3549 922 3608 Tit·
