2438 3848
480 180 661 244 correers.
1038 192 1116 241 xvu

57 353 232 426 emendavi,
247 371 300 427 pro
312 353 546 411 Lacedaemonem
557 366 669 422 moue,
685 351 798 409 adiutus
815 351 899 412 codd.
916 353 1067 428 Mediceis,
1086 359 1116 413 in

57 443 164 514 quibus
181 455 236 512 pro
255 452 353 496 uersus
367 444 497 494 exaratur
511 452 605 511 auree
643 435 776 508 Sequitur
791 437 906 510 quidem
921 455 1036 511 ugrum
1062 443 1115 498 sed

59 542 150 597 supra
168 528 184 584 7
204 541 238 579 se
258 525 416 595 excipiunt:
438 520 876 579 boetium-boetio-eorum:
897 523 926 578 in
940 524 1040 580 talibus
1057 541 1115 581 non

59 611 180 682 elegans
193 599 355 663 esinosler.
383 607 571 678 Depopulalio
593 605 706 661 videtur
728 609 802 662 lacta
824 623 889 663 esse
907 623 943 662 ex
958 608 1113 680 Megaride,

59 692 298 757 Lacedaemoniis
316 691 415 747 amica.
432 683 446 771 ss
461 696 503 751 17.
527 694 620 762 eisque
633 689 779 761 obsecutio)
794 692 835 746 lla
850 708 947 746 omnes
962 693 1041 760 Mes,
1057 710 1114 750 non

58 781 174 849 ebispue
190 776 340 832 obsecutos.
378 776 497 847 Explica
517 790 582 831 cum
605 774 694 830 Oud.=
715 790 778 830 cum
799 776 837 830 illi
858 777 984 832 obseouli
1006 785 1111 837 essenl.

58 862 138 917 Idem
152 860 224 916 Oud.
241 877 293 932 pro
302 860 517 927 conuuunibus,
534 857 611 931 quod
627 859 767 930 vulgatur,
783 860 850 931 legii
867 861 1021 917 conditioni.
1037 853 1051 940 Η
1067 868 1111 923 la

56 947 167 1018 stupeno
182 945 286 1014 dolum)
312 945 389 999 Haec
403 960 541 1015 reponere
558 958 645 998 ausus
659 959 720 997 sum
736 959 772 998 ex
785 946 866 1000 bonis
874 945 975 1014 libris,
997 949 1043 1016 qui
1058 964 1110 1018 pro

59 1029 274 1100 eubipeuuurum
295 1030 432 1099 praebent
455 1029 508 1083 sub
527 1030 624 1098 iuuene
638 1027 743 1096 dolum,
757 1028 885 1100 subipeuo
903 1030 1010 1097 dolum,
1025 1032 1111 1087 rubii·

59 1116 135 1169 ciens
163 1113 262 1172 dolum.
279 1103 292 1191 Η
309 1117 352 1172 19.
375 1112 491 1181 uicibus)
518 1126 570 1182 per
595 1109 683 1179 vices,
708 1110 737 1165 in
762 1113 853 1170 vices.
899 1112 982 1169 Ovid.
1008 1115 1111 1170 vicibus

59 1197 145 1270 sectio
161 1197 221 1267 (ap.
236 1197 382 1265 Forcell.).
411 1191 657 1264 „Abweehselnd,
674 1193 795 1249 nimlich
810 1201 889 1249 unler
903 1194 958 1249 den
974 1195 1110 1252 Soldaten

60 1281 110 1336 der
130 1281 278 1336 einzelnen
295 1278 432 1337 Schiffe.“
463 1278 503 1335 Cf.
520 1279 656 1348 Polyaen.
678 1277 710 1336 Il.
725 1280 757 1336 7:
782 1264 842 1332 dud
859 1271 953 1354 μέρος.
971 1271 985 1359 ΙΙ
998 1281 1027 1335 iu
1048 1295 1110 1336 eam

60 1380 119 1420 rem
138 1365 270 1436 remiges)
289 1363 337 1420 Sic
352 1362 513 1418 emendavi.
544 1362 628 1433 Vulg.
651 1363 680 1416 iu
696 1376 729 1417 eu
747 1363 884 1434 remigem.
922 1361 981 1419 Sed
997 1366 1109 1436 plurimi

59 1450 162 1504 libriin
174 1463 246 1504 eum.
274 1448 351 1503 Bene
366 1449 450 1503 eliam
467 1463 498 1502 se
514 1446 644 1501 haberet:
666 1448 695 1500 iu
709 1462 742 1501 ea
752 1461 784 1502 re
800 1449 937 1520 remigem.
954 1439 969 1528 [Ι
982 1455 1026 1509 11.
1037 1465 1108 1522 per·

58 1536 157 1589 uiciem
181 1534 330 1600 summam)
351 1532 391 1587 lla
409 1530 560 1586 emendavi
581 1546 633 1601 pro
650 1533 927 1601 perniciosissimum,
945 1535 1021 1604 quod
1038 1551 1107 1607 syn·

58 1619 131 1673 laxis
151 1632 207 1671 non
227 1616 362 1683 admittit,
385 1616 439 1672 nisi
460 1616 587 1686 corrigas
606 1613 707 1687 fugam
718 1619 984 1687 perniciosissbnam
1001 1617 1108 1683 (deleto

58 1705 173 1770 autem).
191 1691 206 1778 11
219 1706 262 1758 11.
278 1701 373 1756 adrisi.
387 1699 603 1772 magistralibus)
618 1698 673 1754 hoc
688 1701 795 1756 reslilui
810 1717 862 1770 pro
876 1702 1014 1769 militibus,
1032 1701 1109 1773 quod

57 1786 85 1839 in
101 1785 181 1840 libris
196 1791 249 1839 est.
280 1783 390 1855 Oppon.
407 1799 505 1839 omnes
517 1785 675 1839 Ennenses.
693 1775 762 1863 [116.
776 1785 882 1854 Cincio)
898 1786 983 1840 eLiv.
996 1786 1109 1841 XXVll.

56 1875 92 1928 26
110 1868 228 1932 restitui,
244 1882 296 1940 pro
316 1868 451 1938 Ombpino.
468 1859 482 1947 ΙΙ
495 1872 538 1926 27.
550 1867 601 1922 sed
613 1869 651 1936 et)
662 1875 688 1922 et
698 1871 832 1923 revocavi
848 1885 883 1922 ex
895 1871 1019 1925 Petrens.
1035 1863 1048 1949 ΙΙ
1063 1876 1107 1930 29.

57 1955 182 2022 armum)
198 1968 250 2023 pro
266 1966 381 2007 unnure
392 1953 486 2023 recepi
504 1969 541 2007 cx
555 1952 682 2007 PetrenS.
697 1943 711 2030 Η
726 1956 768 2009 30.
779 1951 902 2021 fratrem
917 1956 1012 2020 suum)
1028 1970 1108 2010 ouum

58 2038 165 2092 inserui
182 2051 218 2091 ex
233 2035 310 2091 Med.
326 2051 380 2107 pr„
399 2037 446 2107 qui
462 2037 540 2092 solus
558 2034 750 2090 exhibemus
769 2034 845 2099 (sinc
860 2032 1006 2104 fratrem).
1038 2037 1108 2091 Tum

57 2137 110 2192 pro
126 2122 342 2176 committeretur
356 2135 392 2174 ex
406 2127 469 2176 oclo
486 2136 554 2174 mss.
578 2118 687 2172 reslilui
709 2120 892 2172 committeret.
928 2116 1000 2173 Oud.
1022 2122 1109 2174 corri-

57 2207 113 2277 gil:
125 2204 160 2259 L.
171 2202 264 2275 Scipio
278 2234 315 2245 —
329 2204 493 2260 exbortutus
504 2207 546 2258 eet
560 2217 625 2256 suos
635 2203 884 2257 -commillereut
893 2202 942 2270 (ex
952 2202 1027 2258 Med.
1039 2208 1108 2276 pr.)

57 2289 161 2357 Miror,
179 2287 257 2359 quod
278 2288 363 2342 eliam
378 2305 430 2359 pro
451 2289 612 2344 senientiam
628 2302 684 2341 nou
707 2287 861 2341 correxerit
880 2287 1108 2346 exhortationem.

56 2372 220 2428 Reluetatur
241 2373 393 2428 universus
420 2388 513 2427 rerum
542 2375 639 2428 statua.
685 2371 780 2443 Aeger
814 2371 927 2442 quidem
958 2375 988 2430 P.
1012 2372 1108 2446 Scipio

56 2457 163 2511 Elaeae
182 2459 352 2512 versabatur
370 2455 445 2523 (Liv.
465 2454 605 2510 XXXVII.
622 2458 680 2525 37),
702 2456 755 2511 sed
779 2462 844 2527 post
862 2473 986 2528 pugnam
1001 2457 1108 2515 Sardes

57 2557 89 2597 se
103 2541 213 2596 confert
229 2541 303 2606 (Liv.
326 2556 351 2594 c.
370 2544 420 2610 45)
436 2539 472 2595 ad
488 2542 614 2603 lralrem;
632 2547 660 2594 et
675 2557 843 2611 quamquam
860 2541 939 2596 Livio
960 2544 1109 2597 consilium

56 2624 147 2680 Publii
163 2625 290 2696 ignotum
307 2629 358 2692 esi,
375 2631 467 2679 lamen
479 2629 571 2695 potest
586 2624 662 2679 fratri
680 2623 811 2692 dedisse,
827 2631 854 2678 el
864 2623 919 2680 hoe
934 2626 1027 2697 ipsum
1042 2642 1108 2681 eou-

57 2709 151 2764 silium
169 2709 357 2777 (sententium)
372 2714 486 2764 secutus
502 2709 601 2763 consul
614 2708 761 2762 victoriam
776 2707 895 2778 adeptus
911 2716 961 2767 esl.
979 2703 991 2790 Η
1005 2715 1047 2769 31.
1062 2713 1111 2783 pui

56 2795 195 2850 sociorum
205 2794 328 2864 populus
342 2793 419 2860 erut)
439 2791 593 2861 „Welehes
616 2792 693 2847 Volk
713 2808 749 2848 zu
769 2791 825 2847 den
846 2792 1108 2866 Bundesgenossen

57 2876 208 2949 gehbrte.“
243 2877 298 2932 Vix
310 2893 379 2933 sana
396 2882 469 2931 sunl.
493 2876 553 2931 An:
568 2878 644 2948 quie
658 2878 918 2948 oouorumpopulic
931 2884 1031 2934 eruut?
1047 2880 1106 2933 Ani

55 2963 133 3034 quie
147 2961 229 3016 sociis
238 2962 341 3032 populi
358 2960 479 3016 Romani
495 2964 596 3016 eruut?
611 2951 625 3039 ll
638 2961 691 3029 uli)
716 2976 772 3014 non
794 2965 841 3025 ut,
866 2962 927 3016 libri
952 2962 1024 3018 Oud.
1050 2981 1108 3019 om·

56 3036 524 3123 11113.[132.1ηα9111“[.)11111101111.
551 3043 621 3097 Tum
637 3043 820 3115 confunderet
837 3062 901 3099 eum
916 3047 1021 3117 Lipsio.
1054 3049 1108 3104 De·

54 3131 141 3201 mque
156 3143 221 3184 uuor
239 3144 294 3200 ego
309 3131 425 3187 inserui.
455 3128 545 3182 Antea
562 3126 724 3198 legebalur:
745 3129 859 3183 scientici
879 3132 975 3187 milites
991 3134 1108 3204 confice·

52 3220 107 3269 rel.
124 3204 139 3293 fl
152 3215 197 3271 33.
207 3212 466 3285 Semproniumque)
479 3214 519 3267 lla
532 3210 693 3267 cumSeriv.
708 3211 824 3279 elOud.‚
836 3229 890 3283 pro
900 3217 978 3287 vulg.
989 3231 1106 3290 quoque,

54 3299 133 3369 quod
148 3304 242 3352 tamen
264 3313 281 3351 a
295 3297 423 3369 plurimis
438 3297 515 3351 libris
530 3297 618 3350 abest.
635 3286 649 3373 Η
663 3300 708 3354 34.
722 3297 873 3368 quendum)
896 3299 932 3354 ila
955 3300 1030 3354 bled.
1051 3316 1105 3371 pr.,

50 3399 105 3455 pro
121 3381 251 3455 picodum.
276 3372 290 3461 ll
308 3381 396 3454 quod)
411 3380 502 3450 aplius
521 3378 641 3447 videtur,
660 3396 743 3451 quam
754 3397 815 3452 quo.
830 3373 846 3460 {l
860 3386 918 3453 eoo)
930 3399 965 3437 ex
981 3384 1106 3439 Petrens.

52 3459 67 3545 Η
84 3468 190 3539 usque)
210 3481 275 3520 cum
290 3466 425 3536 Gronov„
446 3480 498 3535 pro
524 3465 655 3537 undique.
690 3465 778 3522 Amal
795 3472 895 3522 nosler
916 3467 1127 3530 ‹id-*wull-

95 3564 221 3609 unour.
243 3564 357 3609 oraru.
897 3564 926 3617 v,
1024 3549 1028 3555 “
