2438 3848
89 182 128 242 22
421 195 497 243 sus.
521 195 608 245 tuum
630 195 798 244 rconurnr

87 352 187 430 primis
204 350 352 411 ordinibus
368 362 397 412 et
413 349 647 425 centurionibus,
671 360 805 429 quantum
823 350 946 429 quisque
964 359 1132 410 numeratae

87 436 228 514 pecuniae
254 446 301 496 aut
323 439 384 497 auri
408 438 579 514 argentique
601 434 741 510 baberet,
770 434 936 510 conferret,
959 443 990 494 ut
1011 453 1132 512 reprae-

87 522 195 580 sentari
217 538 331 580 meroes
353 521 551 599 proditoribus
571 528 690 597 posset;
721 537 754 579 se
778 528 872 578 autem
893 518 955 593 his,
986 519 1035 597 qui
1063 536 1132 578 oon·

86 605 238 681 tulissent,
266 605 417 682 pollicitus
446 614 491 665 est
521 612 716 664 consummata
741 604 863 663 victoria
890 602 987 679 ampla
1012 604 1133 681 insuper

87 690 217 766 praemia
246 689 386 749 daturum.
433 687 515 764 Quae
539 689 582 747 sui
610 689 763 766 persuasio
786 687 924 746 Romanis
951 687 1132 746 alacritatem

87 771 188 832 adtulit
211 781 240 831 et
262 772 409 833 liduciam:
432 773 509 833 unde
529 772 615 832 etiam
636 772 789 850 praeclara
811 771 953 846 victoria,
975 772 1131 830 commisso

86 855 180 914 statim
198 855 296 932 bello,
319 866 431 934 patrata
450 865 506 917 est.
984 916 989 924 .

172 939 199 999 3.
246 937 279 997 G.
295 937 415 1016 Caesar,
440 941 580 1001 adversus
597 939 755 1000 Germanos
774 948 803 998 et
817 938 997 998 Ariovistum
1020 957 1131 1017 pugna·

86 1031 182 1098 tricus,
206 1023 335 1083 confusis
359 1043 476 1085 surorum
497 1024 597 1084 animis
617 1041 671 1102 pro
691 1025 834 1083 concione
856 1023 943 1096 dixit,
964 1023 1072 1084 nullius
1098 1043 1131 1084 se

87 1124 124 1165 eo
143 1107 188 1167 die
202 1124 293 1186 opera
309 1110 364 1169 nisi
376 1109 507 1170 decimae
522 1109 648 1186 legionis
660 1126 792 1167 usurum:
816 1124 873 1185 quo
886 1117 1062 1167 consecutus
1075 1119 1130 1182 est,

86 1200 116 1250 ut
135 1191 277 1252 decimani
297 1202 440 1272 tamqnam
459 1194 636 1271 praecipuae
659 1192 835 1252 fortitudinis
858 1192 1023 1251 testimonio
1040 1195 1130 1252 enite-

86 1284 206 1352 rentur,
233 1287 262 1335 et
278 1281 370 1337 ceteri
389 1278 520 1356 pudore,
542 1295 579 1336 ne
597 1294 689 1354 penes
709 1276 784 1336 alios
796 1275 892 1352 gloria
910 1277 1024 1334 virtutis
1040 1286 1131 1336 esset.

170 1362 200 1420 4.
248 1361 283 1434 Q.
307 1361 431 1438 Fabius,
460 1361 510 1440 qui
533 1362 656 1438 egregie
683 1359 813 1436 sciebat,
845 1368 875 1418 et
896 1357 1044 1420 Romanos
1068 1362 1130 1420 eius

90 1462 158 1502 esse
181 1443 341 1521 libertatis,
367 1463 441 1524 quae
465 1445 639 1504 contumelia
668 1451 910 1521 exasperaretur,
930 1452 959 1502 et
985 1462 1001 1504 a
1023 1443 1131 1504 Poenis

86 1527 156 1586 nibil
171 1527 273 1587 iustum
289 1537 337 1587 aut
357 1529 537 1588 moderatum
556 1527 765 1606 exspectabat,
786 1528 862 1586 misit
877 1526 993 1604 legatos
1009 1527 1130 1588 Cartha·

86 1612 182 1688 ginem
205 1611 241 1670 de
265 1611 479 1673 conditionibus
500 1613 600 1690 pacis:
624 1630 695 1690 quas
719 1631 783 1671 cum
806 1611 847 1670 illi
870 1612 1027 1689 iniquitatis
1044 1623 1074 1672 et
1091 1616 1130 1672 in-

86 1694 229 1754 solentiae
245 1694 348 1772 plenas
366 1696 552 1773 retulissent,
576 1698 724 1757 exercitus
742 1695 935 1756 Romanorum
949 1696 985 1756 ad
1001 1715 1130 1775 puguan-

87 1780 153 1839 dum
177 1781 338 1839 concitatus
362 1790 416 1841 est.

172 1863 199 1923 5.
245 1863 401 1941 Agesilaus
417 1865 713 1926 Lacedaemoniorum
731 1864 804 1940 dux,
829 1883 892 1924 cum
910 1880 1004 1942 prope
1022 1863 1058 1923 ab
1078 1863 1129 1923 Or-

87 1945 228 2006 chomeno
251 1949 333 2009 socia
355 1951 472 2010 civitate
495 1958 589 2010 castra
612 1949 735 2010 baberet
766 1950 1035 2027 comperissetque,
1066 1948 1128 2027 ple·

85 2049 194 2109 rosque
218 2051 255 2092 ex
277 2034 415 2094 militibus
431 2035 641 2114 pretiosissima
664 2051 761 2092 rerum
777 2032 927 2111 deponere
947 2033 1020 2091 iutra
1040 2034 1129 2092 muni·

85 2124 197 2193 menta,
221 2121 373 2197 praecepit
392 2119 562 2198 oppidanis,
584 2117 707 2195 nequid
726 2117 763 2176 ad
786 2118 946 2176 exercitum
965 2134 1046 2176 suum
1063 2135 1129 2195 per-

84 2201 178 2259 tinens
200 2204 395 2281 reciperetur,
420 2221 477 2280 quo
500 2203 646 2262 ardentius
669 2200 819 2261 dimicaret
841 2201 943 2276 miles,
968 2201 1017 2280 qui
1039 2204 1130 2261 sciret

85 2283 140 2342 sibi
163 2302 216 2363 pro
241 2286 373 2346 omnibus
392 2288 452 2344 suis
473 2286 666 2364 pugnandum.

171 2369 199 2428 6.
245 2368 460 2448 Epaminondas
488 2370 545 2429 dux
566 2368 789 2444 Thebanorum,
819 2369 959 2428 adversus
981 2366 1129 2428 Lacedae·

84 2454 197 2511 monios
220 2454 423 2527 dimicaturus,
444 2461 474 2511 ut
496 2470 553 2511 nou
576 2453 670 2512 solum
685 2452 794 2512 viribus
817 2453 922 2512 milites
946 2452 1005 2527 sui,
1030 2471 1130 2512 verum

86 2539 170 2595 etiam
196 2536 360 2597 adfectibus
383 2536 604 2613 adiuvarentur,
628 2538 823 2616 pronuntiavit
847 2537 1054 2612 inconcione,
1079 2537 1129 2597 de·

85 2622 219 2679 stinctum
243 2620 498 2695 Lacedaemoniis,
520 2622 544 2680 si
565 2623 688 2682 victoria
708 2623 888 2699 potirentur,
913 2637 1014 2679 omnes
1038 2621 1130 2681 virilis

85 2722 174 2762 sexus
197 2704 381 2778 interlucere,
410 2705 549 2764 uxoribus
573 2715 667 2765 autem
689 2723 790 2765 eorum
811 2713 840 2764 et
863 2705 964 2765 liberis
986 2705 1014 2762 in
1037 2706 1129 2764 servi-

84 2795 173 2846 tutem
202 2787 334 2847 abductis
356 2787 473 2848 Thebas
502 2790 634 2849 diruere:
664 2808 721 2867 qua
746 2790 962 2849 denuntiatione
991 2789 1130 2848 concitati

84 2872 179 2950 primo
198 2873 306 2950 impetu
327 2871 455 2932 Thebani
477 2873 725 2934 lacedaemonios
748 2881 999 2952 expugnaverunt.

172 2959 200 3016 7.
244 2954 438 3030 beutyebidas
457 2957 515 3018 dux
536 2958 848 3034 Lacedaemoniorum,
876 2965 1056 3035 pugnaturus
1080 2974 1130 3017 eo·

85 3039 149 3099 dem
178 3039 224 3098 die
248 3039 360 3116 classe,
388 3058 445 3119 quo
475 3051 553 3102 terra
574 3044 706 3101 vicerant
735 3042 826 3118 socii,
857 3041 988 3119 quamvis
1010 3041 1130 3118 ignarus

87 3131 172 3182 actae
193 3124 249 3199 rei,
266 3125 396 3202 vulgavit
416 3127 569 3185 nuntiatam
586 3126 641 3184 sibi
657 3126 807 3185 victoriam
827 3127 961 3204 partium,
984 3142 1042 3203 quo
1061 3143 1130 3186 con·

68 3209 242 3267 'stantiores
265 3209 300 3268 ad
324 3227 449 3287 pugnam
471 3209 577 3269 milites
598 3208 728 3271 baberet.

172 3291 201 3353 8.
231 3291 265 3351 Α.
281 3291 444 3353 Postumius
460 3294 586 3372 proelio,
603 3311 660 3372 quo
676 3311 740 3352 cum
754 3291 860 3357 Latinis
876 3292 1016 3368 conilixit,
1031 3293 1131 3354 oblata

85 3376 188 3453 specie
209 3376 329 3436 duorum
349 3379 377 3436 in
398 3379 481 3455 equis
499 3379 648 3454 iuvenum,
669 3378 780 3436 animos
797 3394 914 3436 suorum
931 3377 1042 3452 erexit,
1064 3377 1131 3438 Pol-

86 3459 181 3522 lucem
205 3471 233 3522 et
258 3460 410 3521 Castorem
433 3460 538 3521 adesse
562 3460 681 3538 dicens,
705 3479 740 3522 ac
762 3462 805 3523 sio
827 3461 972 3541 proelium
991 3463 1130 3524 restituit.

964 3734 986 3771 a&
