2438 3848
88 149 150 211 Ios
419 156 497 207 sax.
519 156 606 205 mun
627 154 798 205 andnamt

89 315 188 376 tudine
210 312 374 392 adpellatus
391 320 453 386 est,
477 319 505 370 et
522 307 632 370 Curtio.
676 308 795 390 Accipit
811 318 841 369 et
858 327 923 370 eum
940 309 1062 387 iontem,
1086 311 1136 390 qui

86 408 210 460 vocatur
232 397 410 472 Albudinus,
438 403 535 455 tantae
559 395 716 470 bonitatis,
738 405 768 454 ut
789 394 919 454 Marciae
944 412 1062 474 quoque
1085 395 1135 463 ad·

87 483 212 557 iutorio,
236 483 371 561 quotiens
394 497 468 558 opus
493 488 554 554 est,
577 480 616 539 ita
639 479 781 555 sufficiat,
804 488 834 538 ut
855 479 988 539 adiectus
1012 481 1040 539 ei
1063 479 1134 540 nibil

88 586 127 627 ex
154 566 292 644 qualitate
324 567 386 624 eius
415 573 515 623 mutet.
560 563 711 640 Augustae
741 564 823 639 lons,
848 564 914 641 quia
943 562 1054 624 Marcia
1078 563 1134 622 sibi

87 650 227 710 sulficere
244 649 421 728 adparebat,
445 649 473 707 in
492 644 641 706 Claudiam
656 646 812 727 derivatusg
826 657 886 715 est;
905 658 1040 708 manente
1061 648 1134 706 nibi-

86 736 212 795 lominus
223 733 415 811 praesidiario
432 732 460 790 in
474 730 624 807 Marciam,
647 740 677 790 ut
690 733 728 791 ita
742 731 856 791 demum
870 728 1019 793 Claudiam
1031 750 1135 810 aquam

88 818 238 879 adiuvaret
250 816 401 893 Augusta,
424 816 449 874 si
467 833 530 875 eam
547 815 650 875 ductus
663 814 790 876 Marciae
809 833 867 874 non
882 827 1012 894 caperet.
1047 814 1134 876 Clau·
1163 851 1165 855 ν

89 901 155 962 diae
172 899 275 960 ductus
295 899 382 959 babet
398 898 606 976 longitudinem
626 917 762 978 passuum
774 914 858 959 IILVI
872 899 980 960 milium
992 912 1133 960 ccccm:

89 1004 127 1046 ex
146 1002 182 1045 eo
201 985 266 1043 rivo
285 984 478 1044 subterraneo
491 1000 627 1061 passuum
642 997 754 1044 xxxvl
767 984 873 1043 milium
886 996 1018 1052 ccxxx;
1042 1001 1136 1063 opere

88 1086 178 1149 supra
207 1077 314 1128 terram
337 1086 473 1147 passuum
502 1082 526 1127 II
547 1068 656 1127 milium
678 1080 824 1128 cnxxvr:
853 1087 891 1127 ex
914 1086 950 1129 eo
974 1087 1068 1147 opere
1090 1087 1135 1127 ar·

90 1162 175 1215 cuato
200 1154 229 1212 in
257 1154 402 1231 superiori
431 1162 516 1231 parte
543 1152 674 1230 pluribus
702 1152 777 1212 locis
800 1170 937 1231 passuum
964 1167 1004 1212 111
1024 1153 1136 1214 milium

89 1251 217 1313 LXXVI,
241 1246 271 1296 et
290 1255 385 1316 prope
407 1237 509 1296 urbem
526 1253 542 1295 a
560 1250 611 1295 VII
627 1236 750 1296 miliario
767 1235 985 1296 substructione
1007 1239 1136 1297 rivorum

90 1340 145 1402 per
162 1338 267 1400 passus
285 1334 386 1397 Itclx,
411 1338 503 1400 opere
518 1330 636 1381 arcuato
654 1339 790 1399 passuum
802 1333 838 1380 vl
854 1320 960 1381 milium
978 1333 1136 1381 ccccxcl.

178 1406 226 1464 15.
270 1404 345 1465 Anio
368 1404 469 1464 Novus
488 1406 534 1464 via
553 1405 741 1481 Sublacensi,
765 1404 801 1464 ad
820 1405 971 1465 miliarium
992 1406 1137 1476 IILII,.in

90 1487 234 1549 Subruino
255 1490 400 1566 excipitur
421 1507 458 1546 ex
480 1488 612 1556 flumine;
635 1489 730 1566 quod,
750 1507 813 1548 cum
831 1497 924 1549 terras
941 1490 1036 1550 cultas
1057 1491 1137 1549 circa

91 1590 123 1631 se
152 1571 258 1630 habeat
287 1572 345 1630 loci
376 1573 490 1649 pinguis
521 1581 551 1631 et
572 1573 639 1632 inde
662 1575 741 1651 ripas
761 1572 935 1651 solutiores,
965 1576 1050 1634 etiam
1073 1576 1137 1632 sine

89 1655 253 1733 pluviarum
271 1655 373 1712 iniuria
385 1655 518 1714 limosum
536 1665 565 1715 et
583 1656 777 1716 turbulentum
794 1656 870 1717 fluit:
896 1658 1024 1735 ideoque
1043 1658 1137 1718 alau-

91 1738 173 1799 cibus
197 1737 298 1797 ductus
320 1739 492 1817 interposita
512 1748 557 1798 est
575 1741 687 1818 piscina
709 1741 836 1816 limaria,
860 1741 909 1801 ubi
932 1743 1138 1801 interamnem

92 1830 122 1882 et
145 1840 265 1901 specum
287 1824 462 1883 consisteret
482 1831 511 1882 et
530 1824 689 1902 liquaretur
707 1843 791 1904 aqua.
837 1825 888 1885 Sic
910 1843 1040 1904 quoque,
1064 1841 1137 1904 quo·

89 1907 166 1967 tiens
193 1907 302 1968 imbres
326 1909 550 1986 superveniunt,
576 1909 690 1970 turbida
712 1909 847 1988 pervenit
864 1911 892 1969 iu
913 1910 1026 1970 urbem.
1072 1908 1140 1971 lun·.

91 1992 168 2068 gitur
186 1993 213 2059 ei
235 1994 314 2051 rivus
335 1990 554 2069 Herculaneus,
586 1994 684 2052 oriens
708 1992 810 2053 eadem
832 1993 896 2069 via,
926 1995 962 2054 ad
985 1994 1138 2053 miliarium

90 2089 283 2152 XXIV111‚e
311 2079 433 2154 regione
457 2076 576 2148 fontium
602 2076 741 2137 Claudiae
761 2087 840 2136 trans
864 2078 969 2138 llumen
990 2079 1138 2156 viamque,

90 2170 193 2221 natura
215 2162 404 2238 purissimus,
427 2161 480 2220 sed
502 2163 606 2221 mixtus
627 2163 749 2238 gratiam
768 2161 936 2240 splendoris
958 2164 1002 2221 sui
1024 2163 1136 2222 amittit.

89 2242 203 2328 Ductus
229 2245 351 2302 Anionis
380 2243 455 2303 Novi
484 2246 575 2305 elficit
604 2264 708 2324 passus
729 2259 816 2305 LVIII
834 2247 911 2306 milia
932 2259 1016 2308 nco:
1039 2264 1077 2306 ex
1101 2261 1138 2305 eo

90 2328 155 2385 rivo
178 2326 370 2385 subterraneo
389 2345 493 2405 passus
511 2343 596 2388 XLIX
617 2330 786 2398 miliaccc;
809 2347 902 2409 opere
922 2348 1011 2410 supra
1031 2340 1139 2390 terram

90 2426 195 2487 passus
214 2421 253 2467 III
274 2409 352 2468 milia
373 2422 478 2470 oooc:
500 2431 597 2472 exeo
620 2413 885 2474 substructionibus
908 2425 955 2476 aut
977 2433 1070 2493 opere
1094 2433 1139 2473 ar·

91 2502 176 2553 cuato
199 2492 344 2570 superiori
367 2503 450 2572 parte
473 2494 604 2573 pluribus
626 2498 702 2558 locis
729 2516 834 2576 passus
855 2513 882 2559 II
904 2492 1087 2574 milispcc,
1111 2507 1139 2556 et

89 2578 212 2656 propius
237 2575 338 2637 urbem
364 2596 380 2637 a
407 2592 457 2638 VII
477 2579 599 2640 miliario
629 2582 847 2643 substructione
877 2584 1005 2643 rivorum
1033 2598 1139 2662 passus

90 2674 194 2738 Dorx,
218 2679 311 2740 opere
332 2671 452 2723 arcuato
465 2682 570 2742 passus
580 2680 616 2725 VI
631 2665 708 2725 milia
721 2678 878 2728 ccooxol.
921 2667 958 2726 Hi
973 2676 1038 2727 sunt
1052 2684 1138 2726 arcus

91 2746 241 2823 altissimi,
263 2746 408 2807 sublevati
427 2750 454 2807 in
478 2748 648 2827 quibusdam
673 2750 747 2809 locis
771 2764 830 2811 CIII
852 2753 955 2830 pedes.

178 2830 226 2892 16.
273 2831 329 2891 'lot
352 2850 487 2911 aquarum
511 2841 567 2893 tam
587 2833 684 2893 multis
703 2837 881 2896 necessariis
903 2835 1027 2895 molibus
1052 2848 1159 2914 pyra-⁴

90 2915 200 2991 midas,
221 2916 362 2976 videlicet
385 2918 513 2992 otiosas,
537 2935 711 2996 compares,
733 2927 782 2979 aut
802 2921 906 2980 inertia
925 2920 979 2980 sed
993 2918 1069 2979 fama
1089 2937 1138 2978 ce·

91 2997 204 3057 lebrata
227 3016 319 3077 opera
342 2997 543 3060 Graecorum?

88 3099 91 3104 ·
177 3081 225 3139 17.
271 3081 337 3141 Non
360 3084 484 3145 alienum
505 3086 573 3144 mibi
594 3088 687 3146 visum
713 3095 775 3163 est,
798 3087 994 3166 longitudines
1018 3105 1138 3165 quoque

89 3163 217 3223 rivorum
236 3165 376 3244 cuiusque
394 3169 496 3229 ductus
515 3171 601 3229 etiam
619 3189 673 3249 per
691 3173 808 3250 species
828 3190 952 3253 operum
968 3173 1138 3251 complecti.

88 3243 161 3306 Nam
184 3265 248 3315 cum
270 3251 393 3309 maxima
410 3252 494 3312 buius
513 3253 604 3314 oflicii
625 3273 693 3333 pars
714 3257 743 3315 in
763 3257 855 3317 tutela
875 3274 976 3317 eorum
988 3258 1035 3332 sit,
1060 3259 1138 3316 scire

89 3333 289 3410 praepositum
304 3342 439 3413 oportet,
465 3356 541 3416 quae
560 3339 669 3400 maiora
687 3341 832 3419 impendia
855 3343 983 3419 exigant.
1029 3340 1138 3401 Nostra

90 3416 207 3494 quidem
232 3416 429 3478 sollicitudine
458 3437 515 3480 non
549 3423 672 3499 suflicit,
700 3425 814 3502 singula
833 3426 928 3496 oculis
955 3423 1137 3492 subiecisse;
