<?xml version="1.0" encoding="UTF-8"?>
<!DOCTYPE html PUBLIC "-//W3C//DTD XHTML 1.0 Transitional//EN"
    "http://www.w3.org/TR/xhtml1/DTD/xhtml1-transitional.dtd">
<html xmlns="http://www.w3.org/1999/xhtml" xml:lang="en" lang="en">
 <head>
  <title>
</title>
<meta http-equiv="Content-Type" content="text/html;charset=utf-8" />
  <meta name='ocr-system' content='tesseract 3.04.00' />
  <meta name='ocr-capabilities' content='ocr_page ocr_carea ocr_par ocr_line ocrx_word'/>
</head>
<body>
  <div class='ocr_page' id='page_1' title='image "./strategematicon00dedegoog_0102.png"; bbox 0 0 2438 3848; ppageno 0'>
   <div class='ocr_carea' id='block_1_1' title="bbox 56 158 1105 223">
    <p class='ocr_par' dir='ltr' id='par_1_1' title="bbox 56 158 1105 223">
     <span class='ocr_line' id='line_1_1' title="bbox 56 158 1105 223; baseline -0.003 -1"><span class='ocrx_word' id='word_1_1' title='bbox 56 170 406 223; x_wconf 69' lang='lat' dir='ltr'><strong>smaraaomsrtoon</strong></span> <span class='ocrx_word' id='word_1_2' title='bbox 418 171 549 222; x_wconf 51' lang='lat' dir='ltr'><strong>umam.</strong></span> <span class='ocrx_word' id='word_1_3' title='bbox 558 170 634 221; x_wconf 79' lang='lat' dir='ltr'><strong>GAP.</strong></span> <span class='ocrx_word' id='word_1_4' title='bbox 647 170 1033 221; x_wconf 76' lang='lat' dir='ltr'><strong>xvln—uB.1v.csr&gt;.1.</strong></span> <span class='ocrx_word' id='word_1_5' title='bbox 1064 158 1105 220; x_wconf 82' lang='grc'><strong>79</strong></span> 
     </span>
    </p>
   </div>
   <div class='ocr_carea' id='block_1_2' title="bbox 101 325 685 474">
    <p class='ocr_par' dir='ltr' id='par_1_2' title="bbox 101 325 685 474">
     <span class='ocr_line' id='line_1_2' title="bbox 116 325 685 390; baseline 0.002 -3"><span class='ocrx_word' id='word_1_6' title='bbox 116 325 169 387; x_wconf 85' lang='lat' dir='ltr'><strong>Vl.</strong></span> <span class='ocrx_word' id='word_1_7' title='bbox 213 325 259 388; x_wconf 86' lang='lat' dir='ltr'><strong>De</strong></span> <span class='ocrx_word' id='word_1_8' title='bbox 282 326 399 388; x_wconf 89' lang='lat' dir='ltr'><strong>adfectu</strong></span> <span class='ocrx_word' id='word_1_9' title='bbox 420 337 450 388; x_wconf 93' lang='lat' dir='ltr'><strong>et</strong></span> <span class='ocrx_word' id='word_1_10' title='bbox 470 327 685 390; x_wconf 79' lang='lat' dir='ltr'><strong>moderatione.</strong></span> 
     </span>
     <span class='ocr_line' id='line_1_3' title="bbox 101 410 532 474; baseline 0 -2"><span class='ocrx_word' id='word_1_11' title='bbox 101 410 169 474; x_wconf 90' lang='lat' dir='ltr'><strong>Vll.</strong></span> <span class='ocrx_word' id='word_1_12' title='bbox 214 410 260 474; x_wconf 89' lang='lat' dir='ltr'><strong>De</strong></span> <span class='ocrx_word' id='word_1_13' title='bbox 279 413 369 474; x_wconf 89' lang='lat' dir='ltr'><strong>variis</strong></span> <span class='ocrx_word' id='word_1_14' title='bbox 392 413 532 474; x_wconf 90' lang='lat' dir='ltr'><strong>consiliis.</strong></span> 
     </span>
    </p>
   </div>
   <div class='ocr_carea' id='block_1_3' title="bbox 435 546 775 761">
    <p class='ocr_par' dir='ltr' id='par_1_3' title="bbox 435 546 775 761">
     <span class='ocr_line' id='line_1_4' title="bbox 482 546 775 641; baseline -0.007 0"><span class='ocrx_word' id='word_1_15' title='bbox 482 577 631 641; x_wconf 78' lang='lat' dir='ltr'><strong>orror</strong></span> <span class='ocrx_word' id='word_1_16' title='bbox 658 577 681 639; x_wconf 90' lang='lat' dir='ltr'><strong>r.</strong></span> <span class='ocrx_word' id='word_1_17' title='bbox 772 546 775 551; x_wconf 73' lang='grc'><strong>’</strong></span> 
     </span>
     <span class='ocr_line' id='line_1_5' title="bbox 435 709 729 761; baseline -0.003 0"><span class='ocrx_word' id='word_1_18' title='bbox 435 712 484 761; x_wconf 86' lang='lat' dir='ltr'><strong>DE</strong></span> <span class='ocrx_word' id='word_1_19' title='bbox 517 709 729 761; x_wconf 82' lang='lat' dir='ltr'><strong>DISCIPLINA.</strong></span> 
     </span>
    </p>
   </div>
   <div class='ocr_carea' id='block_1_4' title="bbox 52 830 1200 1923">
    <p class='ocr_par' dir='ltr' id='par_1_4' title="bbox 52 830 1132 1737">
     <span class='ocr_line' id='line_1_6' title="bbox 147 830 1107 921; baseline 0.003 -28"><span class='ocrx_word' id='word_1_20' title='bbox 147 835 175 893; x_wconf 87' lang='lat'><strong>1.</strong></span> <span class='ocrx_word' id='word_1_21' title='bbox 217 831 249 893; x_wconf 92' lang='lat' dir='ltr'><strong>P.</strong></span> <span class='ocrx_word' id='word_1_22' title='bbox 269 830 370 910; x_wconf 79' lang='lat' dir='ltr'><strong>Scipio</strong></span> <span class='ocrx_word' id='word_1_23' title='bbox 393 831 430 893; x_wconf 88' lang='lat' dir='ltr'><strong>ad</strong></span> <span class='ocrx_word' id='word_1_24' title='bbox 450 830 631 893; x_wconf 81' lang='lat' dir='ltr'><strong>Numantiam</strong></span> <span class='ocrx_word' id='word_1_25' title='bbox 653 841 822 915; x_wconf 61' lang='lat' dir='ltr'><strong>corruptum</strong></span> <span class='ocrx_word' id='word_1_26' title='bbox 848 834 1031 917; x_wconf 76' lang='lat' dir='ltr'><strong>superiorum</strong></span> <span class='ocrx_word' id='word_1_27' title='bbox 1043 835 1107 921; x_wconf 33' lang='lat' dir='ltr'><strong>“dm</strong></span> 
     </span>
     <span class='ocr_line' id='line_1_7' title="bbox 59 910 1106 1001; baseline 0.003 -26"><span class='ocrx_word' id='word_1_28' title='bbox 59 936 126 1001; x_wconf 81' lang='lat' dir='ltr'><strong>cum</strong></span> <span class='ocrx_word' id='word_1_29' title='bbox 161 916 298 1001; x_wconf 62' lang='lat' dir='ltr'><strong>socordia</strong></span> <span class='ocrx_word' id='word_1_30' title='bbox 327 918 488 1000; x_wconf 67' lang='lat' dir='ltr'><strong>exercitum</strong></span> <span class='ocrx_word' id='word_1_31' title='bbox 522 916 667 992; x_wconf 85' lang='lat' dir='ltr'><strong>correxit,</strong></span> <span class='ocrx_word' id='word_1_32' title='bbox 696 916 816 978; x_wconf 89' lang='lat' dir='ltr'><strong>dimisso</strong></span> <span class='ocrx_word' id='word_1_33' title='bbox 844 910 955 1001; x_wconf 80' lang='lat' dir='ltr'><strong>ingenti</strong></span> <span class='ocrx_word' id='word_1_34' title='bbox 984 920 1106 979; x_wconf 88' lang='lat' dir='ltr'><strong>lixarum</strong></span> 
     </span>
     <span class='ocr_line' id='line_1_8' title="bbox 52 994 1106 1081; baseline 0.001 -19"><span class='ocrx_word' id='word_1_35' title='bbox 52 998 200 1081; x_wconf 60' lang='lat' dir='ltr'><strong>numero,</strong></span> <span class='ocrx_word' id='word_1_36' title='bbox 221 1000 349 1061; x_wconf 89' lang='lat' dir='ltr'><strong>redactis</strong></span> <span class='ocrx_word' id='word_1_37' title='bbox 372 1001 407 1061; x_wconf 93' lang='lat' dir='ltr'><strong>ad</strong></span> <span class='ocrx_word' id='word_1_38' title='bbox 424 1019 525 1061; x_wconf 89' lang='lat' dir='ltr'><strong>munus</strong></span> <span class='ocrx_word' id='word_1_39' title='bbox 541 1001 707 1081; x_wconf 76' lang='lat' dir='ltr'><strong>quotidiana</strong></span> <span class='ocrx_word' id='word_1_40' title='bbox 723 994 936 1077; x_wconf 77' lang='lat' dir='ltr'><strong>exercitatione</strong></span> <span class='ocrx_word' id='word_1_41' title='bbox 957 996 1106 1081; x_wconf 77' lang='lat' dir='ltr'><strong>militibus,</strong></span> 
     </span>
     <span class='ocr_line' id='line_1_9' title="bbox 60 1076 1107 1171; baseline 0.002 -26"><span class='ocrx_word' id='word_1_42' title='bbox 60 1076 184 1167; x_wconf 88' lang='lat' dir='ltr'><strong>quibus,</strong></span> <span class='ocrx_word' id='word_1_43' title='bbox 215 1103 280 1144; x_wconf 87' lang='lat' dir='ltr'><strong>curu</strong></span> <span class='ocrx_word' id='word_1_44' title='bbox 309 1085 450 1164; x_wconf 73' lang='lat' dir='ltr'><strong>frequens</strong></span> <span class='ocrx_word' id='word_1_45' title='bbox 474 1086 640 1162; x_wconf 88' lang='lat' dir='ltr'><strong>iniungeret</strong></span> <span class='ocrx_word' id='word_1_46' title='bbox 664 1084 735 1160; x_wconf 89' lang='lat' dir='ltr'><strong>iter,</strong></span> <span class='ocrx_word' id='word_1_47' title='bbox 769 1094 889 1166; x_wconf 81' lang='lat' dir='ltr'><strong>portare</strong></span> <span class='ocrx_word' id='word_1_48' title='bbox 897 1087 1107 1171; x_wconf 52' lang='lat' dir='ltr'><strong>,complurium</strong></span> 
     </span>
     <span class='ocr_line' id='line_1_10' title="bbox 60 1166 1108 1249; baseline 0.001 -19"><span class='ocrx_word' id='word_1_49' title='bbox 60 1172 174 1231; x_wconf 87' lang='lat' dir='ltr'><strong>dierum</strong></span> <span class='ocrx_word' id='word_1_50' title='bbox 197 1168 306 1231; x_wconf 90' lang='lat' dir='ltr'><strong>cibaria</strong></span> <span class='ocrx_word' id='word_1_51' title='bbox 327 1166 505 1249; x_wconf 72' lang='lat' dir='ltr'><strong>imperabat,</strong></span> <span class='ocrx_word' id='word_1_52' title='bbox 527 1170 565 1229; x_wconf 88' lang='lat' dir='ltr'><strong>ita</strong></span> <span class='ocrx_word' id='word_1_53' title='bbox 587 1176 619 1228; x_wconf 91' lang='lat' dir='ltr'><strong>ut</strong></span> <span class='ocrx_word' id='word_1_54' title='bbox 639 1168 751 1249; x_wconf 80' lang='lat' dir='ltr'><strong>frigora</strong></span> <span class='ocrx_word' id='word_1_55' title='bbox 771 1178 800 1229; x_wconf 92' lang='lat' dir='ltr'><strong>et</strong></span> <span class='ocrx_word' id='word_1_56' title='bbox 818 1169 925 1229; x_wconf 85' lang='lat' dir='ltr'><strong>imbres</strong></span> <span class='ocrx_word' id='word_1_57' title='bbox 943 1170 1013 1249; x_wconf 91' lang='lat' dir='ltr'><strong>pati,</strong></span> <span class='ocrx_word' id='word_1_58' title='bbox 1032 1188 1069 1230; x_wconf 87' lang='lat' dir='ltr'><strong>vo</strong></span> <span class='ocrx_word' id='word_1_59' title='bbox 1090 1189 1108 1231; x_wconf 88' lang='lat' dir='ltr'><strong>a</strong></span> 
     </span>
     <span class='ocr_line' id='line_1_11' title="bbox 61 1234 1107 1333; baseline 0.001 -19"><span class='ocrx_word' id='word_1_60' title='bbox 61 1240 207 1315; x_wconf 87' lang='lat' dir='ltr'><strong>fluminum</strong></span> <span class='ocrx_word' id='word_1_61' title='bbox 240 1234 365 1331; x_wconf 81' lang='lat' dir='ltr'><strong>pedibus</strong></span> <span class='ocrx_word' id='word_1_62' title='bbox 393 1255 520 1314; x_wconf 86' lang='lat' dir='ltr'><strong>traicere</strong></span> <span class='ocrx_word' id='word_1_63' title='bbox 554 1252 748 1313; x_wconf 80' lang='lat' dir='ltr'><strong>adsuesceret</strong></span> <span class='ocrx_word' id='word_1_64' title='bbox 775 1254 878 1328; x_wconf 91' lang='lat' dir='ltr'><strong>miles,</strong></span> <span class='ocrx_word' id='word_1_65' title='bbox 908 1253 1107 1333; x_wconf 85' lang='lat' dir='ltr'><strong>exprobrante</strong></span> 
     </span>
     <span class='ocr_line' id='line_1_12' title="bbox 62 1336 1107 1421; baseline -0.001 -22"><span class='ocrx_word' id='word_1_66' title='bbox 62 1338 186 1399; x_wconf 86' lang='lat' dir='ltr'><strong>subinde</strong></span> <span class='ocrx_word' id='word_1_67' title='bbox 216 1338 393 1416; x_wconf 88' lang='lat' dir='ltr'><strong>imperatore</strong></span> <span class='ocrx_word' id='word_1_68' title='bbox 417 1338 598 1397; x_wconf 87' lang='lat' dir='ltr'><strong>timiditatem</strong></span> <span class='ocrx_word' id='word_1_69' title='bbox 620 1346 650 1398; x_wconf 93' lang='lat' dir='ltr'><strong>et</strong></span> <span class='ocrx_word' id='word_1_70' title='bbox 671 1336 831 1415; x_wconf 83' lang='lat' dir='ltr'><strong>ignaviam,</strong></span> <span class='ocrx_word' id='word_1_71' title='bbox 857 1336 1011 1421; x_wconf 74' lang='lat' dir='ltr'><strong>frangente</strong></span> <span class='ocrx_word' id='word_1_72' title='bbox 1034 1337 1107 1399; x_wconf 91' lang='lat' dir='ltr'><strong>deli·</strong></span> 
     </span>
     <span class='ocr_line' id='line_1_13' title="bbox 62 1416 1129 1503; baseline 0.001 -21"><span class='ocrx_word' id='word_1_73' title='bbox 62 1422 185 1493; x_wconf 78' lang='lat' dir='ltr'><strong>oatioria</strong></span> <span class='ocrx_word' id='word_1_74' title='bbox 209 1440 280 1489; x_wconf 89' lang='lat' dir='ltr'><strong>usus</strong></span> <span class='ocrx_word' id='word_1_75' title='bbox 310 1439 346 1481; x_wconf 92' lang='lat' dir='ltr'><strong>ac</strong></span> <span class='ocrx_word' id='word_1_76' title='bbox 372 1439 474 1501; x_wconf 91' lang='lat' dir='ltr'><strong>parum</strong></span> <span class='ocrx_word' id='word_1_77' title='bbox 500 1421 670 1491; x_wconf 85' lang='lat' dir='ltr'><strong>necessaria¹</strong></span> <span class='ocrx_word' id='word_1_78' title='bbox 689 1419 877 1501; x_wconf 83' lang='lat' dir='ltr'><strong>¹expeditioni</strong></span> <span class='ocrx_word' id='word_1_79' title='bbox 890 1418 1003 1503; x_wconf 58' lang='lat' dir='ltr'><strong>&#39;&#39;gasa&#39;z&#39;</strong></span> <span class='ocrx_word' id='word_1_80' title='bbox 1026 1416 1129 1502; x_wconf 63' lang='lat' dir='ltr'><strong>qdod*</strong></span> 
     </span>
     <span class='ocr_line' id='line_1_14' title="bbox 60 1504 1130 1583; baseline 0.005 -17"><span class='ocrx_word' id='word_1_81' title='bbox 60 1507 186 1567; x_wconf 90' lang='lat' dir='ltr'><strong>maxime</strong></span> <span class='ocrx_word' id='word_1_82' title='bbox 216 1505 384 1566; x_wconf 86' lang='lat' dir='ltr'><strong>notabiliter</strong></span> <span class='ocrx_word' id='word_1_83' title='bbox 412 1506 518 1568; x_wconf 88' lang='lat' dir='ltr'><strong>accidit</strong></span> <span class='ocrx_word' id='word_1_84' title='bbox 548 1504 583 1567; x_wconf 87' lang='lat' dir='ltr'><strong>G.</strong></span> <span class='ocrx_word' id='word_1_85' title='bbox 606 1504 741 1567; x_wconf 83' lang='lat' dir='ltr'><strong>blommio</strong></span> <span class='ocrx_word' id='word_1_86' title='bbox 763 1507 895 1583; x_wconf 88' lang='lat' dir='ltr'><strong>tribuno,</strong></span> <span class='ocrx_word' id='word_1_87' title='bbox 924 1508 971 1568; x_wconf 92' lang='lat' dir='ltr'><strong>cui</strong></span> <span class='ocrx_word' id='word_1_88' title='bbox 994 1506 1105 1567; x_wconf 90' lang='lat' dir='ltr'><strong>dixisse</strong></span> <span class='ocrx_word' id='word_1_89' title='bbox 1125 1514 1130 1571; x_wconf 91' lang='lat'><strong>&#39;.</strong></span> 
     </span>
     <span class='ocr_line' id='line_1_15' title="bbox 61 1589 1132 1672; baseline -0.003 -22"><span class='ocrx_word' id='word_1_90' title='bbox 61 1589 184 1651; x_wconf 87' lang='lat' dir='ltr'><strong>traditur</strong></span> <span class='ocrx_word' id='word_1_91' title='bbox 199 1591 321 1671; x_wconf 69' lang='lat' dir='ltr'><strong>,Scipi02</strong></span> <span class='ocrx_word' id='word_1_92' title='bbox 345 1589 414 1652; x_wconf 82' lang='lat' dir='ltr'><strong>Mihi</strong></span> <span class='ocrx_word' id='word_1_93' title='bbox 441 1590 603 1672; x_wconf 87' lang='lat' dir='ltr'><strong>paullisper</strong></span> <span class='ocrx_word' id='word_1_94' title='bbox 628 1598 660 1652; x_wconf 89' lang='lat' dir='ltr'><strong>et</strong></span> <span class='ocrx_word' id='word_1_95' title='bbox 685 1590 886 1671; x_wconf 80' lang='lat' dir='ltr'><strong>reipublicae,</strong></span> <span class='ocrx_word' id='word_1_96' title='bbox 914 1592 967 1653; x_wconf 90' lang='lat' dir='ltr'><strong>tibi</strong></span> <span class='ocrx_word' id='word_1_97' title='bbox 988 1608 1107 1671; x_wconf 87' lang='lat' dir='ltr'><strong>semper</strong></span> <span class='ocrx_word' id='word_1_98' title='bbox 1127 1594 1132 1647; x_wconf 74' lang='lat' dir='ltr'><strong>‘r</strong></span> 
     </span>
     <span class='ocr_line' id='line_1_16' title="bbox 61 1690 279 1737; baseline 0 -4"><span class='ocrx_word' id='word_1_99' title='bbox 61 1692 96 1735; x_wconf 91' lang='lat' dir='ltr'><strong>ue</strong></span> <span class='ocrx_word' id='word_1_100' title='bbox 122 1691 188 1735; x_wconf 90' lang='lat' dir='ltr'><strong>uam</strong></span> <span class='ocrx_word' id='word_1_101' title='bbox 209 1690 279 1737; x_wconf 83' lang='lat' dir='ltr'><strong>erus.</strong></span> 
     </span>
    </p>

    <p class='ocr_par' dir='ltr' id='par_1_5' title="bbox 62 1693 1200 1923">
     <span class='ocr_line' id='line_1_17' title="bbox 100 1693 1200 1845; baseline -0.004 -28"><span class='ocrx_word' id='word_1_102' title='bbox 100 1693 119 1754; x_wconf 67' lang='lat' dir='ltr'><strong>q</strong></span> <span class='ocrx_word' id='word_1_103' title='bbox 149 1758 180 1818; x_wconf 85' lang='lat'><strong>2.</strong></span> <span class='ocrx_word' id='word_1_104' title='bbox 221 1756 258 1832; x_wconf 82' lang='lat' dir='ltr'><strong>Q.</strong></span> <span class='ocrx_word' id='word_1_105' title='bbox 281 1757 417 1818; x_wconf 86' lang='lat' dir='ltr'><strong>lletellus</strong></span> <span class='ocrx_word' id='word_1_106' title='bbox 439 1757 520 1818; x_wconf 91' lang='lat' dir='ltr'><strong>bello</strong></span> <span class='ocrx_word' id='word_1_107' title='bbox 542 1742 866 1843; x_wconf 57' lang='lat' dir='ltr'><strong>lugurtbffidpimiliter</strong></span> <span class='ocrx_word' id='word_1_108' title='bbox 892 1760 1004 1839; x_wconf 90' lang='lat' dir='ltr'><strong>lapsam</strong></span> <span class='ocrx_word' id='word_1_109' title='bbox 1033 1759 1107 1820; x_wconf 88' lang='lat' dir='ltr'><strong>mili·</strong></span> <span class='ocrx_word' id='word_1_110' title='bbox 1123 1742 1200 1845; x_wconf 31' lang='grc' dir='ltr'><strong>Ἣ..</strong></span> 
     </span>
     <span class='ocr_line' id='line_1_18' title="bbox 62 1840 1199 1923; baseline 0.001 -19"><span class='ocrx_word' id='word_1_111' title='bbox 62 1853 121 1904; x_wconf 90' lang='lat' dir='ltr'><strong>turn</strong></span> <span class='ocrx_word' id='word_1_112' title='bbox 145 1843 328 1920; x_wconf 82' lang='lat' dir='ltr'><strong>disciplinam</strong></span> <span class='ocrx_word' id='word_1_113' title='bbox 350 1844 413 1922; x_wconf 92' lang='lat' dir='ltr'><strong>pari</strong></span> <span class='ocrx_word' id='word_1_114' title='bbox 428 1843 588 1903; x_wconf 88' lang='lat' dir='ltr'><strong>severitate</strong></span> <span class='ocrx_word' id='word_1_115' title='bbox 611 1860 659 1902; x_wconf 90' lang='lat' dir='ltr'><strong>res</strong></span> <span class='ocrx_word' id='word_1_116' title='bbox 739 1840 754 1919; x_wconf 68' lang='grc' dir='ltr'><strong>’ξ</strong></span> <span class='ocrx_word' id='word_1_117' title='bbox 777 1861 842 1905; x_wconf 88' lang='lat' dir='ltr'><strong>oum</strong></span> <span class='ocrx_word' id='word_1_118' title='bbox 863 1844 985 1922; x_wconf 85' lang='lat' dir='ltr'><strong>insuper</strong></span> <span class='ocrx_word' id='word_1_119' title='bbox 1007 1842 1107 1923; x_wconf 89' lang='lat' dir='ltr'><strong>probi·</strong></span> <span class='ocrx_word' id='word_1_120' title='bbox 1182 1856 1199 1899; x_wconf 79' lang='lat'><strong>.-=‘</strong></span> 
     </span>
    </p>
   </div>
   <div class='ocr_carea' id='block_1_5' title="bbox 62 1926 1107 2069">
    <p class='ocr_par' dir='ltr' id='par_1_6' title="bbox 62 1926 1107 2069">
     <span class='ocr_line' id='line_1_19' title="bbox 62 1926 1107 2069; baseline -0.006 -79"><span class='ocrx_word' id='word_1_121' title='bbox 62 1927 178 1989; x_wconf 84' lang='lat' dir='ltr'><strong>buisset</strong></span> <span class='ocrx_word' id='word_1_122' title='bbox 198 1928 256 1988; x_wconf 88' lang='lat' dir='ltr'><strong>alia</strong></span> <span class='ocrx_word' id='word_1_123' title='bbox 274 1944 361 1986; x_wconf 92' lang='lat' dir='ltr'><strong>carne</strong></span> <span class='ocrx_word' id='word_1_124' title='bbox 383 1944 468 2004; x_wconf 88' lang='lat' dir='ltr'><strong>quam</strong></span> <span class='ocrx_word' id='word_1_125' title='bbox 488 1945 535 1987; x_wconf 86' lang='lat' dir='ltr'><strong>aas</strong></span> <span class='ocrx_word' id='word_1_126' title='bbox 575 1927 672 2069; x_wconf 62' lang='lat' dir='ltr'><strong>elixpp</strong></span> <span class='ocrx_word' id='word_1_127' title='bbox 728 1926 820 2019; x_wconf 30' lang='lat' dir='ltr'><strong>&#39;ilites</strong></span> <span class='ocrx_word' id='word_1_128' title='bbox 841 1926 892 1987; x_wconf 89' lang='lat' dir='ltr'><strong>uti.</strong></span> <span class='ocrx_word' id='word_1_129' title='bbox 1102 1940 1107 1953; x_wconf 75' lang='lat'><strong>¹</strong></span> 
     </span>
     <span class='ocr_line' id='line_1_20' title="bbox 664 2028 726 2069; baseline 0.016 -1"><span class='ocrx_word' id='word_1_130' title='bbox 664 2028 679 2068; x_wconf 92' lang='lat' dir='ltr'><strong>r</strong></span> <span class='ocrx_word' id='word_1_131' title='bbox 691 2028 726 2069; x_wconf 92' lang='lat' dir='ltr'><strong>ur</strong></span> 
     </span>
    </p>
   </div>
   <div class='ocr_carea' id='block_1_6' title="bbox 30 1998 1133 3439">
    <p class='ocr_par' dir='ltr' id='par_1_7' title="bbox 30 1998 1133 3439">
     <span class='ocr_line' id='line_1_21' title="bbox 149 1998 603 2087; baseline -0.011 -12"><span class='ocrx_word' id='word_1_132' title='bbox 149 2011 179 2075; x_wconf 82' lang='grc'><strong>3.</strong></span> <span class='ocrx_word' id='word_1_133' title='bbox 223 2009 350 2087; x_wconf 77' lang='lat' dir='ltr'><strong>Pyrrhus</strong></span> <span class='ocrx_word' id='word_1_134' title='bbox 379 1998 526 2070; x_wconf 78' lang='lat' dir='ltr'><strong>delectdii</strong></span> <span class='ocrx_word' id='word_1_135' title='bbox 547 1998 603 2070; x_wconf 77' lang='lat' dir='ltr'><strong>tiro</strong></span> 
     </span>
     <span class='ocr_line' id='line_1_22' title="bbox 63 2093 604 2175; baseline -0.011 -18"><span class='ocrx_word' id='word_1_136' title='bbox 63 2096 163 2175; x_wconf 82' lang='lat' dir='ltr'><strong>elige,</strong></span> <span class='ocrx_word' id='word_1_137' title='bbox 186 2110 245 2173; x_wconf 86' lang='lat' dir='ltr'><strong>ego</strong></span> <span class='ocrx_word' id='word_1_138' title='bbox 264 2110 337 2153; x_wconf 84' lang='lat' dir='ltr'><strong>vero</strong></span> <span class='ocrx_word' id='word_1_139' title='bbox 360 2093 456 2153; x_wconf 92' lang='lat' dir='ltr'><strong>fortes</strong></span> <span class='ocrx_word' id='word_1_140' title='bbox 474 2093 604 2154; x_wconf 89' lang='lat' dir='ltr'><strong>reddam.</strong></span> 
     </span>
     <span class='ocr_line' id='line_1_23' title="bbox 147 2174 1107 2257; baseline -0.001 -18"><span class='ocrx_word' id='word_1_141' title='bbox 147 2180 179 2243; x_wconf 83' lang='lat'><strong>4.</strong></span> <span class='ocrx_word' id='word_1_142' title='bbox 222 2176 256 2239; x_wconf 66' lang='lat' dir='ltr'><strong>la.</strong></span> <span class='ocrx_word' id='word_1_143' title='bbox 282 2176 384 2239; x_wconf 81' lang='lat' dir='ltr'><strong>Paullo</strong></span> <span class='ocrx_word' id='word_1_144' title='bbox 416 2185 446 2236; x_wconf 92' lang='lat' dir='ltr'><strong>et</strong></span> <span class='ocrx_word' id='word_1_145' title='bbox 469 2174 503 2240; x_wconf 84' lang='lat' dir='ltr'><strong>G.</strong></span> <span class='ocrx_word' id='word_1_146' title='bbox 525 2176 659 2238; x_wconf 90' lang='lat' dir='ltr'><strong>Varrone</strong></span> <span class='ocrx_word' id='word_1_147' title='bbox 688 2175 858 2238; x_wconf 89' lang='lat' dir='ltr'><strong>consulibus</strong></span> <span class='ocrx_word' id='word_1_148' title='bbox 882 2177 988 2238; x_wconf 87' lang='lat' dir='ltr'><strong>milites</strong></span> <span class='ocrx_word' id='word_1_149' title='bbox 1014 2177 1107 2257; x_wconf 88' lang='lat' dir='ltr'><strong>primo</strong></span> 
     </span>
     <span class='ocr_line' id='line_1_24' title="bbox 30 2256 1107 2345; baseline -0.002 -20"><span class='ocrx_word' id='word_1_150' title='bbox 30 2300 37 2329; x_wconf 63' lang='lat' dir='ltr'><strong>r</strong></span> <span class='ocrx_word' id='word_1_151' title='bbox 63 2260 252 2345; x_wconf 70' lang='lat' dir='ltr'><strong>iureiprando</strong></span> <span class='ocrx_word' id='word_1_152' title='bbox 269 2256 340 2323; x_wconf 79' lang='lat' dir='ltr'><strong>facti</strong></span> <span class='ocrx_word' id='word_1_153' title='bbox 363 2269 444 2331; x_wconf 89' lang='lat' dir='ltr'><strong>suut;</strong></span> <span class='ocrx_word' id='word_1_154' title='bbox 466 2270 552 2322; x_wconf 88' lang='lat' dir='ltr'><strong>antea</strong></span> <span class='ocrx_word' id='word_1_155' title='bbox 573 2263 648 2321; x_wconf 91' lang='lat' dir='ltr'><strong>enim</strong></span> <span class='ocrx_word' id='word_1_156' title='bbox 671 2270 853 2322; x_wconf 87' lang='lat' dir='ltr'><strong>sacramento</strong></span> <span class='ocrx_word' id='word_1_157' title='bbox 876 2263 1107 2323; x_wconf 90' lang='lat' dir='ltr'><strong>tantummodoa</strong></span> 
     </span>
     <span class='ocr_line' id='line_1_25' title="bbox 62 2345 1108 2425; baseline -0.001 -16"><span class='ocrx_word' id='word_1_158' title='bbox 62 2346 186 2417; x_wconf 80' lang='lat' dir='ltr'><strong>tribunis</strong></span> <span class='ocrx_word' id='word_1_159' title='bbox 216 2345 410 2423; x_wconf 84' lang='lat' dir='ltr'><strong>rogabantur:</strong></span> <span class='ocrx_word' id='word_1_160' title='bbox 440 2355 571 2406; x_wconf 88' lang='lat' dir='ltr'><strong>ceterum</strong></span> <span class='ocrx_word' id='word_1_161' title='bbox 597 2346 655 2425; x_wconf 91' lang='lat' dir='ltr'><strong>ipsi</strong></span> <span class='ocrx_word' id='word_1_162' title='bbox 678 2348 753 2407; x_wconf 90' lang='lat' dir='ltr'><strong>inter</strong></span> <span class='ocrx_word' id='word_1_163' title='bbox 781 2364 814 2407; x_wconf 92' lang='lat' dir='ltr'><strong>se</strong></span> <span class='ocrx_word' id='word_1_164' title='bbox 844 2346 1050 2424; x_wconf 86' lang='lat' dir='ltr'><strong>coniurabant,</strong></span> <span class='ocrx_word' id='word_1_165' title='bbox 1074 2365 1108 2408; x_wconf 89' lang='lat' dir='ltr'><strong>se</strong></span> 
     </span>
     <span class='ocr_line' id='line_1_26' title="bbox 62 2430 1108 2511; baseline -0.001 -19"><span class='ocrx_word' id='word_1_166' title='bbox 62 2433 153 2510; x_wconf 88' lang='lat' dir='ltr'><strong>fugae</strong></span> <span class='ocrx_word' id='word_1_167' title='bbox 180 2441 268 2511; x_wconf 89' lang='lat' dir='ltr'><strong>atque</strong></span> <span class='ocrx_word' id='word_1_168' title='bbox 296 2430 457 2493; x_wconf 78' lang='lat' dir='ltr'><strong>formidinis</strong></span> <span class='ocrx_word' id='word_1_169' title='bbox 484 2448 573 2491; x_wconf 85' lang='lat' dir='ltr'><strong>eausa</strong></span> <span class='ocrx_word' id='word_1_170' title='bbox 595 2448 655 2491; x_wconf 93' lang='lat' dir='ltr'><strong>non</strong></span> <span class='ocrx_word' id='word_1_171' title='bbox 674 2431 805 2492; x_wconf 88' lang='lat' dir='ltr'><strong>abituros</strong></span> <span class='ocrx_word' id='word_1_172' title='bbox 825 2449 922 2510; x_wconf 90' lang='lat' dir='ltr'><strong>neque</strong></span> <span class='ocrx_word' id='word_1_173' title='bbox 946 2451 984 2491; x_wconf 92' lang='lat' dir='ltr'><strong>ex</strong></span> <span class='ocrx_word' id='word_1_174' title='bbox 1007 2433 1108 2493; x_wconf 89' lang='lat' dir='ltr'><strong>ordirfe</strong></span> 
     </span>
     <span class='ocr_line' id='line_1_27' title="bbox 63 2506 1107 2599; baseline -0.002 -22"><span class='ocrx_word' id='word_1_175' title='bbox 63 2532 257 2599; x_wconf 78' lang='lat' dir='ltr'><strong>recessuros,</strong></span> <span class='ocrx_word' id='word_1_176' title='bbox 283 2506 412 2576; x_wconf 78' lang='lat' dir='ltr'><strong>nisi&#39;teli</strong></span> <span class='ocrx_word' id='word_1_177' title='bbox 435 2516 555 2594; x_wconf 88' lang='lat' dir='ltr'><strong>petendi</strong></span> <span class='ocrx_word' id='word_1_178' title='bbox 575 2512 739 2576; x_wconf 88' lang='lat' dir='ltr'><strong>feriendive</strong></span> <span class='ocrx_word' id='word_1_179' title='bbox 760 2516 853 2577; x_wconf 89' lang='lat' dir='ltr'><strong>bostis</strong></span> <span class='ocrx_word' id='word_1_180' title='bbox 882 2524 930 2575; x_wconf 90' lang='lat' dir='ltr'><strong>aut</strong></span> <span class='ocrx_word' id='word_1_181' title='bbox 950 2517 1023 2575; x_wconf 91' lang='lat' dir='ltr'><strong>civis</strong></span> <span class='ocrx_word' id='word_1_182' title='bbox 1039 2533 1107 2576; x_wconf 86' lang='lat' dir='ltr'><strong>¹ser·</strong></span> 
     </span>
     <span class='ocr_line' id='line_1_28' title="bbox 65 2598 1114 2670; baseline 0 -11"><span class='ocrx_word' id='word_1_183' title='bbox 65 2599 151 2662; x_wconf 81' lang='lat' dir='ltr'><strong>tandi</strong></span> <span class='ocrx_word' id='word_1_184' title='bbox 175 2617 272 2660; x_wconf 85' lang='lat' dir='ltr'><strong>causa.</strong></span> <span class='ocrx_word' id='word_1_185' title='bbox 556 2598 579 2643; x_wconf 66' lang='lat'><strong>³²¹</strong></span> <span class='ocrx_word' id='word_1_186' title='bbox 719 2634 723 2641; x_wconf 89' lang='lat'>·</span> <span class='ocrx_word' id='word_1_187' title='bbox 1018 2665 1020 2670; x_wconf 59' lang='grc'><strong>,</strong></span> <span class='ocrx_word' id='word_1_188' title='bbox 1111 2660 1114 2665; x_wconf 83' lang='grc'>,</span> 
     </span>
     <span class='ocr_line' id='line_1_29' title="bbox 149 2680 1133 2763; baseline 0 -20"><span class='ocrx_word' id='word_1_189' title='bbox 149 2684 180 2744; x_wconf 84' lang='grc'><strong>5.</strong></span> <span class='ocrx_word' id='word_1_190' title='bbox 225 2683 325 2762; x_wconf 88' lang='lat' dir='ltr'><strong>Scipio</strong></span> <span class='ocrx_word' id='word_1_191' title='bbox 354 2680 527 2759; x_wconf 83' lang='lat' dir='ltr'><strong>Africanus,</strong></span> <span class='ocrx_word' id='word_1_192' title='bbox 554 2700 619 2744; x_wconf 87' lang='lat' dir='ltr'><strong>cum</strong></span> <span class='ocrx_word' id='word_1_193' title='bbox 650 2692 781 2745; x_wconf 91' lang='lat' dir='ltr'><strong>ornatum</strong></span> <span class='ocrx_word' id='word_1_194' title='bbox 806 2693 919 2745; x_wconf 90' lang='lat' dir='ltr'><strong>sentum</strong></span> <span class='ocrx_word' id='word_1_195' title='bbox 944 2685 1133 2763; x_wconf 77' lang='lat' dir='ltr'><strong>elegantius!</strong></span> 
     </span>
     <span class='ocr_line' id='line_1_30' title="bbox 65 2752 1131 2855; baseline 0.001 -26"><span class='ocrx_word' id='word_1_196' title='bbox 65 2766 215 2830; x_wconf 89' lang='lat' dir='ltr'><strong>cuiusdam</strong></span> <span class='ocrx_word' id='word_1_197' title='bbox 236 2768 375 2843; x_wconf 88' lang='lat' dir='ltr'><strong>vidisset,</strong></span> <span class='ocrx_word' id='word_1_198' title='bbox 396 2767 485 2844; x_wconf 88' lang='lat' dir='ltr'><strong>dixit,</strong></span> <span class='ocrx_word' id='word_1_199' title='bbox 508 2784 566 2826; x_wconf 93' lang='lat' dir='ltr'><strong>non</strong></span> <span class='ocrx_word' id='word_1_200' title='bbox 583 2769 681 2828; x_wconf 91' lang='lat' dir='ltr'><strong>rnirari</strong></span> <span class='ocrx_word' id='word_1_201' title='bbox 702 2785 752 2845; x_wconf 89' lang='lat' dir='ltr'><strong>se,</strong></span> <span class='ocrx_word' id='word_1_202' title='bbox 776 2768 854 2847; x_wconf 89' lang='lat' dir='ltr'><strong>quod</strong></span> <span class='ocrx_word' id='word_1_203' title='bbox 874 2777 952 2829; x_wconf 91' lang='lat' dir='ltr'><strong>tanta</strong></span> <span class='ocrx_word' id='word_1_204' title='bbox 970 2787 1038 2829; x_wconf 92' lang='lat' dir='ltr'><strong>cura</strong></span> <span class='ocrx_word' id='word_1_205' title='bbox 1061 2752 1131 2855; x_wconf 68' lang='lat' dir='ltr'><strong>on}</strong></span> 
     </span>
     <span class='ocr_line' id='line_1_31' title="bbox 64 2851 1129 2931; baseline -0.003 -16"><span class='ocrx_word' id='word_1_206' title='bbox 64 2860 182 2929; x_wconf 90' lang='lat' dir='ltr'><strong>nasset,</strong></span> <span class='ocrx_word' id='word_1_207' title='bbox 202 2854 230 2911; x_wconf 91' lang='lat' dir='ltr'><strong>iu</strong></span> <span class='ocrx_word' id='word_1_208' title='bbox 253 2869 311 2931; x_wconf 89' lang='lat' dir='ltr'><strong>quo</strong></span> <span class='ocrx_word' id='word_1_209' title='bbox 334 2851 401 2930; x_wconf 92' lang='lat' dir='ltr'><strong>plus</strong></span> <span class='ocrx_word' id='word_1_210' title='bbox 421 2851 576 2930; x_wconf 89' lang='lat' dir='ltr'><strong>praesidii,</strong></span> <span class='ocrx_word' id='word_1_211' title='bbox 599 2870 684 2930; x_wconf 87' lang='lat' dir='ltr'><strong>quam</strong></span> <span class='ocrx_word' id='word_1_212' title='bbox 703 2853 730 2911; x_wconf 93' lang='lat' dir='ltr'><strong>iu</strong></span> <span class='ocrx_word' id='word_1_213' title='bbox 754 2853 853 2929; x_wconf 91' lang='lat' dir='ltr'><strong>gladio</strong></span> <span class='ocrx_word' id='word_1_214' title='bbox 876 2853 1011 2913; x_wconf 89' lang='lat' dir='ltr'><strong>haberet.</strong></span> <span class='ocrx_word' id='word_1_215' title='bbox 1124 2866 1129 2889; x_wconf 90' lang='grc'><strong>-·</strong></span> 
     </span>
     <span class='ocr_line' id='line_1_32' title="bbox 150 2935 1109 3016; baseline 0.004 -19"><span class='ocrx_word' id='word_1_216' title='bbox 150 2935 181 2996; x_wconf 89' lang='grc'><strong>6.</strong></span> <span class='ocrx_word' id='word_1_217' title='bbox 220 2935 390 3015; x_wconf 85' lang='lat' dir='ltr'><strong>Philippus,</strong></span> <span class='ocrx_word' id='word_1_218' title='bbox 412 2953 476 2995; x_wconf 90' lang='lat' dir='ltr'><strong>cunr</strong></span> <span class='ocrx_word' id='word_1_219' title='bbox 498 2937 619 3013; x_wconf 89' lang='lat' dir='ltr'><strong>primum</strong></span> <span class='ocrx_word' id='word_1_220' title='bbox 639 2937 800 2996; x_wconf 89' lang='lat' dir='ltr'><strong>exercitum</strong></span> <span class='ocrx_word' id='word_1_221' title='bbox 827 2937 1034 3016; x_wconf 89' lang='lat' dir='ltr'><strong>constitueret,</strong></span> <span class='ocrx_word' id='word_1_222' title='bbox 1058 2959 1109 3001; x_wconf 90' lang='lat' dir='ltr'><strong>ve·</strong></span> 
     </span>
     <span class='ocr_line' id='line_1_33' title="bbox 66 3018 1110 3104; baseline 0.003 -22"><span class='ocrx_word' id='word_1_223' title='bbox 66 3020 230 3082; x_wconf 73' lang='lat' dir='ltr'><strong>bibulorum</strong></span> <span class='ocrx_word' id='word_1_224' title='bbox 257 3038 340 3080; x_wconf 89' lang='lat' dir='ltr'><strong>usum</strong></span> <span class='ocrx_word' id='word_1_225' title='bbox 370 3019 502 3079; x_wconf 89' lang='lat' dir='ltr'><strong>omnibus</strong></span> <span class='ocrx_word' id='word_1_226' title='bbox 529 3018 693 3095; x_wconf 81' lang='lat' dir='ltr'><strong>interdixit,</strong></span> <span class='ocrx_word' id='word_1_227' title='bbox 723 3019 868 3099; x_wconf 89' lang='lat' dir='ltr'><strong>equitibus</strong></span> <span class='ocrx_word' id='word_1_228' title='bbox 896 3037 955 3081; x_wconf 93' lang='lat' dir='ltr'><strong>non</strong></span> <span class='ocrx_word' id='word_1_229' title='bbox 986 3025 1110 3104; x_wconf 91' lang='lat' dir='ltr'><strong>amplius</strong></span> 
     </span>
     <span class='ocr_line' id='line_1_34' title="bbox 66 3102 1110 3185; baseline 0.003 -19"><span class='ocrx_word' id='word_1_230' title='bbox 66 3124 152 3185; x_wconf 87' lang='lat' dir='ltr'><strong>quam</strong></span> <span class='ocrx_word' id='word_1_231' title='bbox 180 3104 311 3182; x_wconf 88' lang='lat' dir='ltr'><strong>singulos</strong></span> <span class='ocrx_word' id='word_1_232' title='bbox 329 3102 450 3164; x_wconf 87' lang='lat' dir='ltr'><strong>calones</strong></span> <span class='ocrx_word' id='word_1_233' title='bbox 473 3103 584 3164; x_wconf 89' lang='lat' dir='ltr'><strong>habere</strong></span> <span class='ocrx_word' id='word_1_234' title='bbox 605 3104 753 3181; x_wconf 89' lang='lat' dir='ltr'><strong>permisit,</strong></span> <span class='ocrx_word' id='word_1_235' title='bbox 774 3103 920 3182; x_wconf 90' lang='lat' dir='ltr'><strong>peditibus</strong></span> <span class='ocrx_word' id='word_1_236' title='bbox 943 3116 1039 3168; x_wconf 89' lang='lat' dir='ltr'><strong>autem</strong></span> <span class='ocrx_word' id='word_1_237' title='bbox 1060 3109 1110 3169; x_wconf 92' lang='lat' dir='ltr'><strong>de·</strong></span> 
     </span>
     <span class='ocr_line' id='line_1_35' title="bbox 66 3186 1111 3267; baseline 0.006 -19"><span class='ocrx_word' id='word_1_238' title='bbox 66 3191 112 3251; x_wconf 89' lang='lat' dir='ltr'><strong>nis</strong></span> <span class='ocrx_word' id='word_1_239' title='bbox 135 3189 286 3267; x_wconf 88' lang='lat' dir='ltr'><strong>singulos,</strong></span> <span class='ocrx_word' id='word_1_240' title='bbox 309 3190 357 3267; x_wconf 88' lang='lat' dir='ltr'><strong>qui</strong></span> <span class='ocrx_word' id='word_1_241' title='bbox 377 3188 471 3248; x_wconf 90' lang='lat' dir='ltr'><strong>molas</strong></span> <span class='ocrx_word' id='word_1_242' title='bbox 494 3196 523 3248; x_wconf 91' lang='lat' dir='ltr'><strong>et</strong></span> <span class='ocrx_word' id='word_1_243' title='bbox 545 3186 630 3247; x_wconf 90' lang='lat' dir='ltr'><strong>funes</strong></span> <span class='ocrx_word' id='word_1_244' title='bbox 651 3187 772 3249; x_wconf 89' lang='lat' dir='ltr'><strong>ferrent.</strong></span> <span class='ocrx_word' id='word_1_245' title='bbox 816 3186 848 3247; x_wconf 93' lang='lat' dir='ltr'><strong>lu</strong></span> <span class='ocrx_word' id='word_1_246' title='bbox 870 3191 983 3252; x_wconf 85' lang='lat' dir='ltr'><strong>aestiva</strong></span> <span class='ocrx_word' id='word_1_247' title='bbox 1002 3210 1111 3254; x_wconf 87' lang='lat' dir='ltr'><strong>exeun·</strong></span> 
     </span>
     <span class='ocr_line' id='line_1_36' title="bbox 66 3271 982 3352; baseline 0.001 -19"><span class='ocrx_word' id='word_1_248' title='bbox 66 3273 147 3335; x_wconf 88' lang='lat' dir='ltr'><strong>tibus</strong></span> <span class='ocrx_word' id='word_1_249' title='bbox 167 3272 285 3350; x_wconf 88' lang='lat' dir='ltr'><strong>triginta</strong></span> <span class='ocrx_word' id='word_1_250' title='bbox 307 3273 418 3333; x_wconf 89' lang='lat' dir='ltr'><strong>dierum</strong></span> <span class='ocrx_word' id='word_1_251' title='bbox 440 3272 560 3331; x_wconf 89' lang='lat' dir='ltr'><strong>farinam</strong></span> <span class='ocrx_word' id='word_1_252' title='bbox 579 3271 659 3333; x_wconf 91' lang='lat' dir='ltr'><strong>collo</strong></span> <span class='ocrx_word' id='word_1_253' title='bbox 681 3282 800 3351; x_wconf 90' lang='lat' dir='ltr'><strong>portare</strong></span> <span class='ocrx_word' id='word_1_254' title='bbox 821 3273 982 3352; x_wconf 90' lang='lat' dir='ltr'><strong>imperavit.</strong></span> 
     </span>
     <span class='ocr_line' id='line_1_37' title="bbox 154 3354 1112 3439; baseline 0.002 -22"><span class='ocrx_word' id='word_1_255' title='bbox 154 3358 184 3418; x_wconf 85' lang='lat'><strong>7.</strong></span> <span class='ocrx_word' id='word_1_256' title='bbox 223 3354 256 3416; x_wconf 87' lang='lat' dir='ltr'><strong>G.</strong></span> <span class='ocrx_word' id='word_1_257' title='bbox 276 3355 384 3417; x_wconf 81' lang='lat' dir='ltr'><strong>flarius</strong></span> <span class='ocrx_word' id='word_1_258' title='bbox 401 3355 626 3417; x_wconf 88' lang='lat' dir='ltr'><strong>recidendorum</strong></span> <span class='ocrx_word' id='word_1_259' title='bbox 641 3357 911 3437; x_wconf 92' lang='lat' dir='ltr'><strong>impedimentorum</strong></span> <span class='ocrx_word' id='word_1_260' title='bbox 926 3360 1030 3436; x_wconf 83' lang='lat' dir='ltr'><strong>gratia,</strong></span> <span class='ocrx_word' id='word_1_261' title='bbox 1051 3362 1112 3439; x_wconf 88' lang='lat' dir='ltr'><strong>qui·</strong></span> 
     </span>
    </p>
   </div>
   <div class='ocr_carea' id='block_1_7' title="bbox 70 3440 1133 3527">
    <p class='ocr_par' dir='ltr' id='par_1_8' title="bbox 70 3440 1133 3527">
     <span class='ocr_line' id='line_1_38' title="bbox 70 3440 1133 3527; baseline -0.008 -24"><span class='ocrx_word' id='word_1_262' title='bbox 70 3440 126 3503; x_wconf 89' lang='lat' dir='ltr'><strong>bus</strong></span> <span class='ocrx_word' id='word_1_263' title='bbox 141 3442 265 3527; x_wconf 84' lang='lat' dir='ltr'><strong>maxime</strong></span> <span class='ocrx_word' id='word_1_264' title='bbox 282 3441 429 3503; x_wconf 88' lang='lat' dir='ltr'><strong>exereitus</strong></span> <span class='ocrx_word' id='word_1_265' title='bbox 445 3458 550 3519; x_wconf 86' lang='lat' dir='ltr'><strong>agmen</strong></span> <span class='ocrx_word' id='word_1_266' title='bbox 567 3450 721 3523; x_wconf 88' lang='lat' dir='ltr'><strong>oneratur,</strong></span> <span class='ocrx_word' id='word_1_267' title='bbox 739 3459 811 3504; x_wconf 88' lang='lat' dir='ltr'><strong>vasa</strong></span> <span class='ocrx_word' id='word_1_268' title='bbox 826 3452 858 3505; x_wconf 87' lang='lat' dir='ltr'><strong>et</strong></span> <span class='ocrx_word' id='word_1_269' title='bbox 868 3443 988 3504; x_wconf 74' lang='lat' dir='ltr'><strong>cibaria</strong></span> <span class='ocrx_word' id='word_1_270' title='bbox 996 3444 1133 3503; x_wconf 63' lang='lat' dir='ltr'><strong>rasam</strong></span> 
     </span>
    </p>
   </div>
   <div class='ocr_carea' id='block_1_8' title="bbox 738 2009 1108 2093">
    <p class='ocr_par' dir='ltr' id='par_1_9' title="bbox 738 2009 1108 2093">
     <span class='ocr_line' id='line_1_39' title="bbox 738 2009 1108 2093; baseline 0 -23"><span class='ocrx_word' id='word_1_271' title='bbox 738 2010 880 2093; x_wconf 86' lang='lat' dir='ltr'><strong>dixisse:</strong></span> <span class='ocrx_word' id='word_1_272' title='bbox 909 2009 952 2070; x_wconf 85' lang='lat' dir='ltr'><strong>&#39;fu</strong></span> <span class='ocrx_word' id='word_1_273' title='bbox 981 2010 1108 2087; x_wconf 88' lang='lat' dir='ltr'><strong>grandes</strong></span> 
     </span>
    </p>
   </div>
   <div class='ocr_carea' id='block_1_9' title="bbox 0 0 1234 3848">
    <p class='ocr_par' dir='ltr' id='par_1_10' title="bbox 0 0 1234 3848">
     <span class='ocr_line' id='line_1_40' title="bbox 0 0 1234 3848; baseline 0 0"><span class='ocrx_word' id='word_1_274' title='bbox 0 0 1234 3848; x_wconf 95' lang='lat' dir='ltr'><strong> </strong></span> 
     </span>
    </p>
   </div>
  </div>
 </body>
</html>
