2438 3848
83 188 146 236 I'Ill
503 184 703 235 PRAEFATIO

84 345 203 400 Omnino
218 350 291 402 totus
306 347 386 402 loeus
401 360 488 401 sanus
502 351 544 400 est
560 350 587 400 et
600 361 616 399 e
633 344 712 399 Livio
725 347 861 415 sumptus,
879 343 926 415 qui
937 342 1025 399 XXX.
1039 348 1075 403 35
1091 359 1134 401 re·

85 431 150 483 lert:
176 429 285 486 Deinde
311 430 466 486 auxiliares
490 434 555 485 ante
575 427 671 486 Cartlr.
691 429 795 495 aciem,
823 442 859 483 ne
884 456 928 467 -
948 427 1064 484 liberunt
1087 443 1133 485 re·

83 520 192 585 ceptum
208 512 296 586 suque
315 512 462 574 baberent,·
492 512 574 568 simul
596 514 722 584 primum
742 511 873 567 ardarcm
899 517 983 584 atque
1005 514 1135 585 impeturn

84 597 199 654 bmtium
222 599 391 669 excipientes
410 595 578 668 fatlparent;
599 611 643 663 ac,
663 598 689 650 sr'
706 595 775 651 nibil
791 595 874 661 aliud
899 597 1056 653 adnenbus
1076 598 1134 652 suls

82 681 195 754 sarum
226 680 322 736 bastela
345 679 512 736 hebetarent.
551 680 719 752 Interpretes
744 679 800 736 hoc
824 680 1018 752 neglexerunt.
1062 680 1134 749 Quia

83 765 235 820 Frontinus
256 771 311 819 tam
327 764 477 836 diligenter
493 771 606 820 secutus
621 770 663 819 est
677 764 801 834 Livium,
822 781 858 819 ex
871 780 905 818 eo
921 767 1004 820 etiarn
1020 765 1092 820 intra
1107 770 1135 819 et

84 848 185 904 &aaa
204 854 231 903 et
244 849 355 903 sins'stro
366 855 525 919 permutare
538 864 595 904 non
611 848 748 904 dubitavi.
775 849 879 904 Locum
894 863 912 903 a
926 850 1021 905 verbis
1038 855 1068 904 ut
1081 847 1133 920 fu-

83 945 151 1003 yere
166 947 256 1002 usque
273 930 311 986 ad
328 930 482 1005 fatsparent
497 933 630 988 excidere
655 948 712 987 non
732 948 835 1004 posse,
856 948 893 987 ex
916 933 986 1004 ipsis
1008 931 1134 988 Frontini

86 1016 181 1072 verbis
197 1013 302 1088 (sessos
319 1015 474 1085 Romanos)
492 1018 560 1072 satis
574 1017 759 1088 conspicuum
775 1023 832 1084 est,
855 1031 939 1086 quum
955 1034 989 1072 ea
1005 1017 1042 1072 ad
1064 1015 1133 1071 illud

82 1099 208 1173 fatebare
227 1100 326 1156 reterri
354 1100 531 1157 accessesit
562 1091 576 1179 ΙΙ
604 1103 647 1159 17.
675 1102 705 1155 in
725 1102 824 1171 capit)
845 1102 875 1156 in
889 1099 992 1156 deesse
1013 1117 1070 1155 non
1083 1116 1134 1171 po·

84 1190 147 1242 test.
164 1176 177 1264 ΙΙ
194 1199 249 1256 per
263 1185 360 1256 leuem
377 1193 406 1241 ut
424 1200 510 1257 snpra
527 1190 576 1244 16:
591 1184 749 1240 ordinatum
764 1199 822 1256 per
834 1184 957 1241 multas
971 1191 1024 1240 etc.
1052 1176 1066 1262 ΙΙ
1092 1186 1133 1239 in·

84 1272 279 1342 reanurosque)
298 1268 363 1325 edd.
384 1269 505 1337 Italicae.
537 1267 617 1324 Leid.
632 1285 676 1341 pr.
691 1283 882 1341 numerosque.
925 1268 967 1326 Cl.
987 1283 1074 1339 supra
1089 1272 1134 1327 14.

83 1352 116 1407 In
137 1355 239 1408 ceteris
262 1367 486 1425 numerososque.
516 1344 530 1430 Η
558 1355 770 1423 arancarum)
793 1353 889 1408 Malim
912 1370 928 1408 e
952 1352 1033 1408 bonis
1055 1352 1134 1408 libris

84 1441 264 1491 structuram.
295 1427 309 1514 ΙΙ
335 1435 629 1508 20.ρναθ[νὶηρενεη1)
647 1435 784 1504 Quamvis
799 1435 977 1492 ridiculares
994 1436 1133 1503 videatur,

84 1525 179 1574 tamen
194 1519 390 1574 emendatione
403 1534 569 1575 succurrere
582 1537 638 1575 non
653 1520 755 1577 audeo.
771 1511 842 1599 1122.
859 1521 908 1592 aui
919 1526 946 1574 et
956 1521 1025 1590 alu.)
1047 1520 1133 1591 Vulg.

85 1602 166 1674 quad.
183 1594 196 1681 ΙΙ
210 1606 276 1671 sea)
291 1619 343 1674 pro
366 1602 424 1673 sed,
440 1618 476 1657 ex
491 1602 622 1660 Caesaris
640 1605 801 1660 narratione
816 1611 844 1659 et
856 1603 938 1659 bonis
953 1605 1031 1661 librIs
1051 1620 1134 1675 repo·

86 1685 140 1741 sui,
183 1686 427 1756 adamatores)
442 1689 559 1745 restitui.
586 1689 627 1747 Cl.
637 1689 658 1744 1.
673 1696 699 1758 1,
713 1693 740 1748 8.
758 1689 780 1744 Ι.
794 1693 821 1757 3,
836 1694 878 1747 10.
892 1687 927 1744 Il.
942 1695 984 1758 11,
999 1691 1024 1746 7.
1039 1687 1088 1743 IV.
1104 1693 1132 1757 3,

86 1775 128 1843 ll.
199 1771 252 1826 loci
269 1773 341 1840 eius)
356 1771 396 1826 Ita
410 1769 551 1828 Medicei..
575 1773 667 1831 Ceteri
681 1773 766 1830 baa.
780 1763 794 1851 ΙΙ
809 1776 852 1832 24.
865 1771 955 1828 hostes
967 1772 1134 1840 trucidabat)

85 1854 209 1925 reposui,
223 1870 275 1926 pro
292 1869 338 1910 eos
353 1855 536 1913 trucidabant.

171 1936 239 2010 Cap.
255 1938 301 1994 IV.
322 1945 345 1997 1.
363 1938 713 2008 Romanis-concitatis)
738 1939 823 2009 Vulg.
845 1943 871 1993 et
884 1937 1007 1994 Romani
1023 1936 1049 2009 f.
1070 1953 1134 1992 con·

84 2023 160 2078 citati
169 2029 269 2079 santet
286 2022 381 2080 Sana.
403 2015 418 2104 ΙΙ
439 2030 465 2082 l.
479 2025 600 2095 Arban)
619 2024 705 2095 Vulg.
722 2021 868 2078 temtum.
899 2016 912 2099 {l
939 2024 986 2092 ils)
1002 2029 1065 2078 ante
1083 2024 1133 2077 ab·

85 2112 153 2162 erat.
168 2099 181 2186 Η
197 2112 224 2166 6.
240 2107 356 2164 bostiam
372 2112 455 2179 metit)
475 2109 520 2164 An
538 2107 720 2165 inserendum
742 2108 772 2162 in
792 2111 916 2162 montes?
939 2104 980 2163 Cl.
997 2106 1135 2177 Polyaen.

85 2191 211 2258 111110,
227 2198 254 2250 2.
276 2193 347 2248 Nam
363 2194 435 2249 intra
450 2194 655 2250 descenderent.
671 2184 685 2270 ll
698 2196 724 2252 7.
741 2191 932 2258 Calamatium)
949 2188 1132 2246 Vid.Cluver.

86 2275 163 2345 apud
186 2274 257 2332 Oud.
279 2276 360 2331 ltlons
388 2276 426 2332 ad
446 2283 530 2347 caput
550 2276 634 2334 Silari
656 2276 790 2332 fluminis.
824 2273 1020 2330 01021121.
1048 2272 1134 2344 Apud

85 2358 228 2414 Plutarch.
243 2357 338 2415 Crass.
355 2366 389 2419 11
412 2363 647 2415 commemoratur
662 2348 753 2428 λόφος
767 2372 820 2423 τις.
853 2356 920 2409 Post
936 2353 1011 2409 Casti
1022 2363 1050 2408 et
1061 2358 1134 2413 Gan·

85 2442 141 2496 nici
162 2443 302 2499 interitum
329 2440 483 2515 Spartacus
505 2443 535 2497 in
560 2447 670 2497 montes
685 2439 826 2495 Petelinos
852 2451 883 2491 se
901 2437 1016 2506 recepit.
1047 2438 1134 2512 Vulg.

86 2524 291 2584 Calumarcum.
314 2519 328 2605 Η
352 2531 396 2584 10.
413 2527 538 2581 clamare
555 2526 656 2596 coepit)
672 2522 733 2578 libri
746 2518 825 2576 haud
839 2519 934 2591 pauci.
975 2520 1060 2592 Vulg.
1078 2528 1136 2578 tum

85 2613 169 2668 latine
191 2612 269 2667 clare
286 2611 475 2682 praedicauit:
496 2609 524 2663 in
545 2623 601 2678 quo
623 2614 680 2662 tum
702 2602 876 2677 superfluum
892 2610 975 2660 estet
990 2606 1068 2661 clare
1085 2607 1134 2663 de·

85 2695 163 2752 tendi
177 2711 213 2748 ex
228 2709 293 2763 cap·
306 2698 332 2762 7,
349 2701 363 2751 1
384 2709 440 2748 non
454 2697 554 2776 potest.
571 2682 585 2768 Η
600 2698 644 2751 12.
663 2691 753 2763 Cyrus
765 2689 826 2745 adu.
841 2689 984 2758 Croesum)
1003 2689 1067 2744 Non
1083 2691 1135 2749 du·

84 2780 172 2835 bitavi
197 2777 237 2832 ita
260 2777 354 2833 locum
379 2791 492 2832 sanare.
525 2775 610 2846 Vulg.
633 2776 759 2832 Croesus.
788 2765 801 2851 ΙΙ
830 2775 928 2843 adore)
945 2789 982 2828 ex
997 2774 1133 2832 Herodot.

85 2863 105 2920 1,
122 2868 158 2922 80
171 2867 199 2916 et
215 2859 348 2930 Polyaen.
361 2858 422 2913 Vll.
437 2863 463 2926 6,
479 2862 505 2918 6.
518 2859 612 2915 Antea
627 2859 756 2916 borrore.
772 2851 786 2939 ll
802 2864 846 2916 15.
861 2876 880 2914 a
900 2859 1024 2930 airaaltls
1045 2861 1134 2916 siluis·

84 2950 150 3019 que)
175 2943 250 3000 Libri
265 2943 312 2998 alii
328 2943 450 3014 airaultrs
470 2943 602 3016 silvaque,
626 2945 673 2999 alii
688 2945 758 3016 aira.
780 2946 931 3015 siluasque,
950 2943 997 2998 alii
1014 2944 1135 3016 circuitu

83 3030 178 3085 alans.
213 3025 299 3098 vulg.
314 3028 434 3100 uirpulta
454 3029 599 3101 siluasque.
640 3027 698 3086 Sed
713 3028 762 3086 lV.
777 3032 803 3098 7,
816 3031 865 3098 to:
875 3040 968 3098 prope
981 3043 998 3081 a
1010 3029 1134 3099 circuitis

83 3112 215 3182 duaque.
241 3102 254 3186 li
280 3114 323 3170 18.
341 3110 426 3183 faces
442 3119 468 3170 et
483 3130 512 3168 a.
533 3111 643 3187 praef„
661 3110 765 3184 furiali
786 3112 908 3181 incessu)
929 3110 991 3167 Liv.
1008 3111 1133 3180 V11,17:

81 3193 194 3267 sacibra
219 3195 379 3253 ardentibus
403 3197 592 3272 anqulbasque
614 3199 753 3270 praelatus
772 3199 883 3253 incessu
903 3193 1004 3267 furiali
1024 3197 1135 3252 midam

85 3278 138 3336 Ro.
156 3278 343 3341 turbaverunt.
387 3280 472 3355 Vulg.
491 3280 573 3354 faces
595 3289 620 3338 et
641 3297 746 3353 onaan
763 3281 866 3354 furiali
895 3278 989 3335 babitu
1012 3278 1133 3351 praefe-

84 3364 213 3421 rentibus.
251 3364 317 3421 Vox
330 3365 422 3422 babitu
436 3367 549 3438 irrepsit
567 3382 603 3421 ex
617 3366 752 3437 praeced.
770 3367 799 3420 in
813 3365 943 3423 babilam
960 3355 973 3443 li
989 3369 1032 3423 20.
1051 3379 1133 3436 prae·

83 3447 172 3522 serre)
204 3449 296 3507 Antea
305 3449 470 3525 praeferre.
498 3451 545 3509 An
562 3448 791 3524 caspraeferre?
