2438 3848
199 187 247 234 ou
269 187 387 247 nouas
408 188 582 237 ouorreus
605 190 706 238 uerus
728 191 849 239 eomas
872 194 987 242 amun.
1055 184 1115 244 113

155 341 206 401 62.
251 342 361 402 Fistula
387 346 553 404 centenaria
583 345 714 405 diametri
735 346 842 423 digitos
864 347 1016 423 undecim,
1046 367 1114 426 qua-

69 427 211 503 drantem,
226 427 376 506 sicilicum,
391 428 547 496 sextulam;
569 431 717 508 perimetri
729 431 835 506 digitos
847 432 963 507 triginta
975 435 1113 510 quinque,

69 512 276 588 quincuncem,
307 512 463 587 sicilicum,
494 515 653 573 sextulam:
685 516 763 591 capit
790 517 934 593 quinarias
964 520 1114 593 octoginta

68 613 169 668 unam,
205 598 412 671 quincuncem,
447 599 639 674 semunciam,
673 599 809 657 duellam.
860 599 946 676 Apud
977 603 1113 678 aquarios

67 679 196 738 habebat
217 681 347 738 diametri
371 681 478 755 digitos
498 682 647 756 undecim,
677 682 834 758 deuncem,
858 686 1051 761 semunciam,
1076 687 1112 744 si·

68 764 200 837 cilicum,
225 765 382 832 sextulam;
407 766 576 842 capacitatis
594 769 738 844 quinarias
752 768 908 844 nonaginta
923 768 1010 844 duas,
1031 769 1111 829 duel·

65 848 139 925 lam,
167 849 318 907 sicilicum.

153 932 203 992 63.
249 932 358 992 Fistula
387 943 538 992 centenum
560 935 694 992 vicenum
717 933 847 992 diametri
871 934 978 1012 digitos
1001 936 1110 995 duode-

65 1017 137 1090 cim,
161 1018 312 1091 trientem,
337 1017 478 1084 duellam;
508 1019 657 1096 perimetri
682 1017 789 1092 digitos
812 1018 1110 1096 duodequadraginta,

64 1099 247 1159 dextantem:
271 1104 347 1179 capit
368 1104 512 1178 quinarias
530 1103 687 1179 nonaginta
707 1103 1048 1177 septem,.dodrantem,
1072 1105 1110 1162 si-

65 1184 197 1258 cilicum,
227 1186 380 1244 sextulam.
425 1185 512 1263 Apud
541 1186 677 1262 aquarios
706 1184 831 1243 hahebat
853 1185 984 1244 diametri
1003 1186 1109 1262 digitos

65 1267 247 1346 quindecim,
271 1269 429 1345 deuncem,
459 1272 651 1344 semunciam,
683 1268 824 1335 duellam;
853 1272 1022 1347 capacitatis
1048 1272 1109 1347 qni·

64 1353 160 1411 uarias
178 1362 291 1412 centurn
306 1356 458 1430 sexaginta
474 1364 545 1429 tres,
565 1355 728 1429 semissem,
747 1355 933 1429 semunciam,
951 1354 1107 1412 sextulam:

64 1439 114 1513 qui
138 1438 240 1511 modus
263 1439 381 1497 duarum
404 1440 633 1498 centenariorum
656 1447 710 1496 est.

151 1522 200 1581 64.
246 1523 421 1582 Perseentus
452 1541 502 1598 ea,
532 1540 606 1600 quae
632 1524 669 1582 de
694 1521 819 1581 modulis
848 1520 904 1579 dici
929 1521 983 1580 fnit
1005 1539 1107 1581 neces·

65 1606 188 1678 sarium,
218 1625 293 1666 nnnc
315 1625 436 1684 ponam,
466 1627 552 1686 quem
573 1607 687 1666 modum
711 1624 844 1684 quaeque
864 1623 954 1682 aqua,
978 1615 1007 1664 ut
1029 1605 1107 1664 Prin·
1136 1659 1139 1665 ,

64 1691 160 1766 cipum
189 1694 400 1751 commentariis
428 1691 671 1770 comprehensum
700 1701 762 1767 est,
797 1708 889 1768 nsque
918 1691 953 1750 ad
979 1700 1107 1749 nostram

64 1792 163 1832 curam
186 1774 295 1834 habere
318 1779 379 1834 visa
406 1772 658 1853 sitqnautumque
682 1776 864 1852 erogaverit;
893 1774 999 1833 deinde
1022 1793 1107 1852 quem

62 1859 119 1934 ipsi
142 1860 315 1936 scrupulosa
340 1862 540 1937 inquisitione,
563 1869 724 1935 praeeunte
746 1858 926 1935 providentia
950 1860 1049 1935 optimi
1066 1858 1106 1918 di·

62 1942 304 2020 ligentissimique
334 1943 451 2002 Nervae
474 1944 631 2019 Principis,
664 1942 868 2000 invenerimus.
913 1940 1008 1998 Fuere
1033 1959 1106 2018 ergo

62 2027 89 2083 in
119 2028 332 2085 commentariis
361 2028 388 2083 in
417 2028 554 2085 universo
584 2027 732 2103 quinariae
753 2038 804 2082 xli
825 2023 902 2082 milia
924 2036 1050 2097 Decttv,
1078 2028 1107 2083 in

62 2112 236 2186 erogatione
264 2124 325 2167 x1v
352 2111 430 2169 milia
457 2124 559 2177 xvim
592 2109 658 2187 plns
682 2111 710 2167 in
737 2107 1050 2184 distributione-quam
1076 2111 1106 2168 in

60 2203 188 2270 accepto
217 2193 437 2270 computabatur
462 2195 599 2270 quinariis
621 2205 764 2252 meconi.
809 2190 898 2249 Huius
918 2193 961 2249 rei
985 2191 1106 2252 admira-

60 2280 119 2353 tio,
145 2295 207 2335 cum
231 2282 418 2356 praecipuum
441 2279 530 2338 oflicii
552 2295 626 2355 opus
649 2278 677 2334 in
698 2274 879 2356 exploranda
896 2275 952 2334 lide
967 2293 1105 2353 aquarum

60 2372 149 2440 atquc
173 2365 257 2439 copia
279 2363 448 2439 crederem,
472 2381 529 2422 non
544 2363 732 2422 mediocriter
747 2380 793 2421 me
810 2361 954 2420 convertit
971 2360 1007 2419 ad
1024 2378 1104 2419 scru-

58 2448 190 2521 tandum,
225 2448 463 2524 quemadmodum
491 2447 612 2524 amplius
635 2456 823 2523 erogaretur,
858 2464 943 2524 quarn
968 2447 995 2503 in
1019 2447 1104 2522 patri·

58 2533 172 2605 monio,
197 2541 227 2589 ut
249 2535 288 2591 ita
310 2534 419 2608 dicam,
445 2541 534 2592 esset.
580 2531 657 2590 Ante
671 2528 774 2591 'omnia
796 2532 895 2607 itaque
921 2531 1016 2607 capita
1036 2529 1105 2589 duc-

59 2625 137 2675 tuum
159 2617 252 2674 metiri
280 2618 438 2694 adgressus
465 2637 542 2684 sum;
573 2616 626 2675 sed
652 2617 757 2692 longe,
788 2613 815 2672 id
837 2622 882 2672 est
905 2615 1022 2672 circiter
1043 2615 1136 2691 qui-¹,

58 2701 201 2759 uariarum
230 2700 330 2761 decern
358 2702 489 2776 milibus,
525 2701 696 2778 ampliorem
719 2716 804 2778 quam
832 2699 861 2754 iu
890 2697 1104 2756 commentariis

58 2785 172 2844 modum
197 2784 308 2858 inveni,
332 2795 361 2843 ut
383 2804 438 2862 per
460 2785 589 2862 singulas
611 2781 827 2844 demonstrabo.

146 2869 196 2928 65.
242 2867 356 2945 Appiae
379 2871 407 2928 in
429 2870 641 2928 commentariis
665 2868 829 2948 adscriptus
851 2871 896 2922 est
918 2863 1021 2922 modus
1042 2863 1104 2940 qui·

58 2956 201 3012 uariarum
224 2965 385 3013 Dcccxut.
432 2952 519 3012 Cuius
540 2953 656 3030 quidem
679 2952 714 3011 ad
731 2957 817 3028 caput
832 2948 954 3007 inveniri
969 2964 1104 3006 mensura

57 3055 115 3096 non
135 3039 247 3114 potuit,
272 3039 406 3114 quoniam
432 3055 470 3097 ex
494 3037 607 3096 duobus
629 3038 699 3095 rivis
722 3043 845 3093 constat.
890 3032 936 3091 Ad
956 3031 1104 3092 Gemellas

57 3133 171 3195 tamen,
199 3124 246 3198 qui
270 3122 353 3181 locus
377 3131 423 3180 est
444 3123 518 3181 inter
542 3123 631 3199 Spem
652 3120 809 3193 Veterem,
832 3117 880 3176 ubi
897 3117 1024 3192 iungitur
1040 3134 1104 3175 cum

57 3224 139 3265 ramo
167 3205 337 3283 Augustae,
369 3207 466 3264 inveni
499 3204 677 3265 altitudinem
707 3220 801 3280 aquae
832 3202 938 3280 pedum
965 3202 1102 3279 quinque,

56 3290 236 3351 latitudinem
263 3293 348 3369 pedis
379 3292 478 3364 nnius,
509 3290 672 3349 dodrantis:
704 3287 773 3347 liunt
794 3304 881 3346 areae
907 3286 1000 3363 pedes
1023 3294 1103 3357 octo,

56 3375 205 3435 dodrans:
240 3378 426 3436 centenariae
454 3375 556 3451 viginti
585 3370 659 3431 dnae
689 3382 717 3432 et
747 3371 994 3450 quadragenaria:
1028 3385 1103 3445 qnae

57 3460 189 3520 eliciunt
205 3460 350 3537 quinarias
366 3471 574 3535 dccccxxv,
591 3457 730 3536 amplius,
747 3474 831 3535 quam
845 3457 875 3515 in
890 3451 1110 3513 commentariis

102 3563 220 3605 rnour.
245 3564 358 3606 sunau.
887 3552 915 3610 Q
