2438 3848
120 180 180 241 102
451 190 528 239 eux.
550 190 639 239 mun
660 189 849 238 unouuuur-

118 347 167 408 via
188 346 304 420 Latina,
330 344 503 404 diverticulo
525 344 658 405 euntibus
678 343 714 402 ab
743 343 835 402 Roma
859 342 1032 402 dextrorsus
1058 343 1166 403 milium

117 450 256 512 passuum
280 429 380 504 duum,
401 430 520 490 alterius
541 447 634 505 aquae
654 430 790 507 proprias
810 428 889 486 vires
912 427 1036 504 collegit
1059 437 1088 487 et
1111 428 1165 487 Te·

120 516 208 596 polae
228 516 321 574 rivum
341 515 505 591 intercepit.
527 512 724 591 ‚Adquisitae
750 530 843 588 aquae
873 511 909 570 ab
939 513 1092 571 inventore
1115 530 1165 571 no·

120 618 187 660 men
209 599 300 659 lullae
317 598 413 657 datum
435 607 496 676 est,
520 599 558 656 ita
579 606 674 656 tamen
695 596 787 656 divisa
808 596 997 671 erogatione,
1021 606 1052 655 ut
1068 614 1165 655 mane·

120 694 167 744 ret
197 683 330 760 Tepulae
361 681 531 759 appellatio.
575 680 688 739 Ductus
715 679 806 740 luliae
838 680 929 738 eflicit
956 679 1166 757 longitudinem

120 784 257 846 passuum
283 780 331 824 xv
356 766 463 824 milium
490 777 663 824 ccccxxvt
693 765 798 823 semis:
827 780 920 842 opere
950 783 1038 842 supra
1060 775 1165 824 terram

120 868 258 929 passuum
280 863 329 909 vn
346 849 471 908 milium:
496 868 534 907 ex
560 865 596 906 eo
618 849 646 907 in
666 850 806 926 proximis
824 848 903 907 urbis
923 847 999 907 locis
1017 848 1102 908 aVll
1116 850 1165 907 mi·

120 934 205 994 llario
230 933 444 992 substructione
467 951 604 1011 passuum
618 946 772 999 Dxxvm;
795 933 910 1010 reliquo
931 949 1023 1010 opere
1047 942 1165 992 arcuato

120 1034 257 1098 passuum
280 1031 316 1076 vu
337 1017 443 1076 milium
467 1029 663 1076 coccuxxu.
706 1016 827 1075 Praeter
849 1025 937 1093 caput
959 1016 1050 1075 Iuliae
1073 1026 1165 1077 trans·

121 1102 183 1162 tluit
204 1119 294 1178 aqua,
318 1119 393 1179 quae
415 1110 538 1160 vocatur
558 1099 678 1165 Crabra,
722 1101 803 1160 Hauc
825 1099 957 1178 Agrippa
983 1102 1094 1176 omisit,
1114 1118 1166 1160 seu

122 1187 188 1264 quia
208 1184 439 1263 improbaverat,
468 1186 530 1244 sive
554 1186 619 1261 quia
637 1184 809 1244 Tusculanis
832 1185 1057 1262 possessoribus
1078 1184 1166 1244 relin-

122 1270 264 1347 quendam
277 1268 430 1329 credebat:
455 1286 490 1327 ea
504 1286 628 1344 namque
645 1278 705 1344 est,
726 1286 810 1346 quam
832 1286 932 1327 omnes
948 1268 1036 1328 villae
1057 1278 1168 1328 tractus

124 1356 185 1413 eius
209 1372 263 1432 per
282 1355 377 1411 vicem
402 1353 512 1411 indies
533 1351 726 1430 modulosque
747 1362 845 1412 certos
868 1354 1064 1430 dispensatam
1089 1354 1166 1412 acci-

121 1440 211 1517 piunt.
258 1437 317 1495 Sed
347 1454 406 1495 non
432 1438 534 1495 eadem
562 1436 761 1495 moderatione
789 1438 900 1514 aquarii
928 1438 1021 1495 nostri
1055 1447 1167 1515 partem

79 1525 81 1530 '
121 1522 267 1600 potiorem
290 1521 352 1579 eius
375 1538 492 1597 semper
518 1521 546 1579 in
569 1520 801 1598 supplementum
823 1520 913 1580 lullae
931 1520 1167 1587 vindicaverunt;

121 1622 179 1664 nec
201 1614 231 1662 ut
250 1603 350 1663 luliam
371 1613 528 1680 augerent,
546 1622 630 1682 quam
650 1604 820 1664 hauriebant
835 1604 1009 1680 largiendo,
1029 1622 1167 1683 compen·

122 1689 162 1748 dii
185 1689 229 1747 sui
254 1688 359 1764 gratia.
405 1687 525 1746 Exclusi
552 1704 623 1763 ergo
647 1685 785 1749 Crabram
810 1696 839 1747 et
861 1697 951 1747 totam
973 1689 1053 1747 iussu
1071 1688 1167 1766 lmpe·

122 1773 228 1831 ratoris
255 1772 368 1831 reddidi
390 1771 576 1838 Tusculanis;
606 1774 654 1849 qui
677 1792 751 1831 nurnc
773 1772 895 1832 forsitan
917 1790 974 1831 nou
997 1774 1060 1832 sine
1081 1774 1167 1832 admi·

121 1858 235 1916 ratione
251 1875 315 1916 eam
330 1866 462 1931 sumunt,
485 1856 594 1932 ignari,
612 1857 656 1914 cui
673 1875 779 1916 causae
800 1856 944 1915 insolitam
966 1856 1167 1917 abundantiam

122 1940 259 2001 debeant.
280 1992 282 1997 .
304 1940 376 2000 lulia
392 1950 486 1999 autem
507 1941 653 1999 revocatis
676 1938 919 2016 derivationibus,
944 1958 998 2018 per
1013 1960 1085 2019 quas
1106 1959 1167 1999 sur·

123 2025 301 2104 ripiebatur,
324 2026 439 2085 modum
464 2043 565 2099 suum,
590 2025 720 2103 quamvis
743 2023 864 2083 notabili
887 2025 1040 2100 siccitate,
1068 2042 1167 2084 serva·

121 2111 171 2169 vit.
216 2108 328 2168 Eodem
351 2125 424 2168 anno
447 2107 580 2186 Agrippa
599 2108 702 2167 ductus
724 2109 856 2186 Appiae,
875 2107 1013 2185 Anionis,
1038 2107 1167 2168 lllarciae

121 2211 216 2271 paene
233 2193 365 2270 dilapsos
387 2193 528 2267 restituit,
553 2201 582 2251 et
601 2192 740 2268 singulari
757 2209 826 2252 cura
849 2192 1047 2270 compluribus
1061 2193 1167 2252 salien-

122 2276 199 2335 tibus
222 2277 304 2353 aquis
328 2276 459 2334 instruxit
482 2274 594 2334 urbem.

210 2360 258 2418 lo.
297 2357 377 2416 ldem
399 2377 462 2416 cum
482 2360 537 2418 iam
559 2361 674 2419 tertium
694 2360 795 2419 consul
817 2360 933 2436 luisset,
957 2359 989 2419 C.
1003 2361 1118 2436 Sentio,
1132 2360 1166 2434 Q.

122 2442 258 2502 Lucretio
283 2440 468 2515 consulibus,
495 2454 562 2518 post
581 2462 683 2503 anuum
703 2445 818 2503 tertium
842 2446 983 2504 decimum
1023 2463 1108 2523 quam
1123 2443 1167 2504 lu·

123 2526 191 2585 liam
214 2525 393 2600 deduxerat,
416 2525 567 2601 Virginem
591 2545 707 2605 quoque
729 2529 757 2586 in
779 2546 851 2605 agro
873 2489 1032 2589 bucullnbr
1057 2529 1167 2589 collec-

121 2618 179 2669 tam
203 2609 323 2668 Romam
346 2610 490 2687 perduxit.
536 2612 624 2687 Dies,
650 2628 706 2689 quo
723 2614 844 2689 primum
864 2615 892 2671 in
912 2609 985 2672 urbe
1004 2614 1168 2692 responde·

121 2695 174 2771 rit,
204 2694 241 2752 V.
274 2694 341 2754 Idus
372 2693 466 2753 lunias
501 2695 653 2754 invenitur.
697 2695 788 2773 Virgo
816 2697 965 2774 appellata
996 2707 1060 2773 est,
1090 2697 1167 2775 quod

122 2779 329 2857 quaerentibus
358 2797 461 2858 aquam
488 2780 624 2839 militibus
654 2780 752 2857 puella
773 2782 946 2856 virguncula
968 2800 1059 2840 venas
1084 2800 1168 2859 quas·

122 2863 187 2922 dam
209 2864 393 2923 monstravit:
420 2881 491 2941 quas
514 2865 625 2937 secuti,
655 2865 702 2941 qui
725 2864 876 2941 loderant,
902 2867 1049 2942 ingentem
1072 2883 1167 2944 aquae

121 2946 237 3005 modum
264 2950 447 3006 invenerunt.
493 2946 636 3006 Aedicula
667 2948 739 3006 lonti
765 2949 898 3024 adposita
923 2950 998 3009 banc
1025 2951 1168 3026 originem

121 3030 236 3107 pictura
256 3032 391 3090 ostendit.
439 3028 609 3109 Concipitur
630 3049 703 3107 ergo
724 3033 770 3091 via
793 3030 935 3109 Collatia,
960 3033 995 3092 ad
1015 3034 1168 3093 miliarium

123 3121 273 3188 octavum,
300 3114 476 3190 palustribus
506 3114 590 3174 locis.
637 3117 756 3191 Signino
781 3119 987 3192 circumiectu,
1017 3120 1167 3176 continen-

121 3194 221 3254 darum
240 3198 446 3273 scaturiginum
462 3217 569 3274 causa,
593 3199 742 3258 adiuvatur
758 3209 787 3259 et
809 3200 1009 3279 compluribus
1031 3201 1095 3260 aliis
1118 3202 1167 3261 ad·

122 3279 335 3356 quisitionibus.
381 3280 468 3340 Venit
496 3301 550 3359 per
577 3284 786 3359 longitudinem
814 3303 952 3362 passuum
977 3298 1039 3343 xov
1059 3285 1168 3343 milium

122 3374 180 3422 cv:
209 3381 247 3422 ex
269 3380 305 3422 eo
328 3365 391 3423 rivo
414 3365 605 3425 subterraneo
630 3386 766 3445 passuum
788 3370 965 3428 x11milium
987 3381 1166 3435 Dcchxv3

123 3464 211 3525 supra
233 3457 341 3508 terram
364 3466 418 3527 per
440 3467 543 3527 passus
566 3463 700 3510 mooun:
725 3470 763 3511 ex
789 3469 825 3511 eo
849 3452 1066 3513 substructione
1089 3453 1166 3513 rivo-
