2438 3848
125 173 166 235 96
322 222 325 229 .
461 187 835 237 semimortuorum

125 347 247 407 dibus
239 345 343 419 innixi,
368 341 515 423 prioribus
540 342 700 416 adlevatis,
726 342 792 402 dum
819 343 981 431 naturalem
1010 343 1171 407 adsistendi

125 432 263 509 adpetunt
282 427 540 500 consuetudinem
561 426 597 485 ad
623 424 760 485 sudorem
775 445 870 505 usque
891 445 976 488 crura
996 429 1149 489 lactarent.

211 514 260 574 35
301 511 340 571 M.
362 509 454 588 Cato,
483 509 691 609 pollicentibus
718 508 851 570 barbaris
873 512 966 571 duces
984 496 1116 572 itinerum
1141 522 1171 572 et

124 600 245 676 insuper
261 596 452 676 praesidium,
477 595 503 652 si
523 611 627 669 magna
654 611 763 653 summa
783 596 827 654 eis
849 596 1084 673 promitteretur,
1110 614 1169 657 nou

123 681 263 742 dubitavit
289 679 442 756 polliceri,
470 680 535 755 quia
564 687 612 737 aut
636 678 796 737 victoribus
819 697 858 737 ex
885 679 990 757 spoliis
1013 679 1168 740 hostilibus

123 774 242 846 poterat
266 762 354 839 dare,
378 771 437 836 aut,
460 760 623 821 interiectis
644 762 695 836 iis,
719 760 928 822 exsolvebatur
946 763 1102 840 promisso.

209 848 259 908 36.
305 845 501 919 ottramnus
522 845 707 921 transfugere
732 844 769 905 ad
790 844 891 906 hostes
908 845 1057 906 volentem
1080 848 1167 908 Stati·

123 933 209 1008 lium,
229 930 357 991 nobilem
373 928 470 989 clarae
483 946 594 1007 operae
607 930 749 1006 equitem,
763 931 865 989 vocari
881 929 918 989 ad
933 947 967 988 se
982 931 1065 991 iussit
1081 932 1169 1009 eique

124 1016 293 1091 excusavit,
319 1014 397 1092 quod
428 1014 534 1073 invidia
563 1011 785 1071 commilitonum
816 1014 940 1073 uirtutes
968 1014 1046 1074 illius
1075 1015 1111 1075 ad
1139 1015 1169 1076 id

122 1108 237 1178 tempus
264 1100 447 1176 ignorasset:
477 1106 536 1156 tum
567 1096 673 1155 donato
698 1097 726 1154 ei
753 1098 1029 1177 equo,.peouniam
1048 1100 1169 1176 insuper

123 1184 245 1261 largitus
274 1182 412 1255 obtinuit,
439 1188 487 1256 ut,
519 1197 605 1257 quem
632 1197 671 1239 ex
694 1181 873 1240 conscientia
896 1180 1042 1259 trepidum
1066 1200 1167 1243 arces·

123 1270 232 1343 sierat,
256 1267 363 1327 laetum
386 1264 542 1323 dimitteret
562 1273 591 1323 et
613 1281 650 1322 ex
672 1262 761 1323 dubio
783 1265 812 1322 in
828 1264 971 1342 reliquum
988 1282 1048 1325 non
1071 1267 1166 1328 minus

123 1351 242 1412 bdelem
265 1369 350 1428 quam
372 1349 478 1408 fortem
501 1346 623 1407 baberet
644 1349 779 1425 equitem

208 1435 259 1496 37
302 1432 469 1510 Philippus,
486 1449 551 1491 cum
573 1431 703 1490 audisset
717 1430 864 1507 Pythiam,
888 1431 1041 1532 quemdam
1059 1432 1168 1494 bonum

122 1527 331 1599 pugnatorem,
354 1516 509 1575 alienatum
530 1515 601 1590 sibi,
625 1513 703 1591 quod
720 1524 782 1574 tres
798 1515 900 1575 lilias
892 1533 977 1596 rnops
998 1517 1048 1576 vix
1071 1518 1169 1578 aleret

122 1620 179 1663 nec
199 1620 215 1662 a
236 1618 309 1676 rege
329 1599 530 1698 adiuvaretur,
554 1597 736 1657 monentibus
756 1599 941 1698 quibusdam,
965 1603 1006 1661 uti
1029 1618 1095 1660 eum
1119 1621 1166 1662 ca·

122 1694 224 1759 voret,
247 1680 343 1758 Quid?
369 1686 404 1759 si,
427 1684 535 1761 inquit,
566 1691 679 1761 partem
705 1684 839 1761 corporis
868 1702 986 1760 aegram
1014 1684 1166 1759 haberem,

123 1768 308 1830 absciderem
328 1770 424 1845 potius
446 1785 530 1843 quarn
553 1761 705 1826 curarem?
745 1766 859 1826 Deinde
875 1768 1054 1828 familiariter
1074 1770 1111 1830 ad
1133 1788 1167 1828 se

125 1853 253 1914 elicitum
279 1861 397 1912 secreto
424 1849 572 1948 Pytbiam,
605 1858 728 1928 accepta
758 1851 785 1910 di
788 1850 928 1911 licultate
957 1854 1167 1912 necessitatum

123 1937 363 2011 domesticarum,
389 1935 512 2013 pecunia
537 1935 686 2001 iustruxit;
715 1951 750 1993 ac
772 1933 924 1994 meliorem
944 1934 1167 2016 fidelioremque

122 2021 238 2096 babuit,
262 2037 347 2100 quam
367 2018 523 2094 habuerat,
544 2026 698 2096 antequam
721 2017 894 2079 offenderet.

209 2066 259 2166 38.
301 2104 334 2164 Τ
355 2102 505 2175 Quinctius
523 2099 673 2180 Crispinus
687 2109 754 2179 post
766 2101 919 2162 infaustam
935 2102 1077 2164 adversus
1091 2103 1166 2164 Poe·

123 2207 177 2250 nos
208 2188 437 2260 dimicationem,
464 2203 519 2262 qua
549 2184 694 2263 collegam
721 2183 892 2245 Marcellum
921 2187 1074 2263 amiserat,
1102 2206 1166 2247 cum

125 2273 319 2350 comperisset
346 2272 468 2346 potitum
498 2268 602 2328 annulo
639 2268 786 2328 interiecti
813 2268 1017 2347 Hanudralem,
1053 2271 1166 2332 litteras

124 2357 203 2415 circa
231 2353 385 2430 municipia
407 2353 494 2412 totius
515 2351 616 2413 ltaliae
638 2352 760 2428 dimisit,
780 2371 817 2412 ne
842 2353 996 2414 crederent
1019 2355 1164 2433 epistolis,

123 2439 148 2498 si
179 2455 253 2516 quae
274 2435 408 2495 Marcelli
438 2433 542 2494 annulo
566 2434 737 2512 obsignatae
768 2437 984 2515 perferrentur;
1006 2440 1165 2499 monitione

125 2529 319 2596 consecutus,
341 2526 371 2578 ut
392 2518 511 2598 Salapia
528 2526 557 2577 et
579 2519 653 2579 aliae
669 2519 757 2579 nrbes
776 2520 882 2581 frustra
898 2519 1066 2583 Hannibalis
1090 2523 1164 2583 dolis

122 2612 311 2666 tentarentur.

210 2689 260 2751 39.
305 2688 376 2749 Post
399 2686 581 2748 Cannensem
609 2687 723 2764 cladem
742 2687 888 2767 perculsis
909 2689 947 2748 ita
970 2687 1165 2749 Romanorum

123 2776 241 2850 animis,
265 2782 294 2833 ut
319 2791 385 2852 pars
406 2790 509 2849 magua
524 2769 710 2850 reliquiarum
726 2770 915 2832 nobilissimis
930 2772 1097 2833 auctoribus
1115 2775 1164 2833 de-

123 2859 267 2919 serendae
288 2857 390 2917 ltaliae
406 2859 491 2916 iniret
512 2853 680 2930 consilium,
702 2854 733 2914 Ρ.
749 2855 849 2933 Scipio
868 2855 1043 2916 adolescens
1066 2857 1168 2917 admo.

123 2943 208 3018 dum,
227 2943 335 3019 impetu
356 2940 451 3016 iacto,
469 2941 498 2997 in
518 2954 554 2998 eo
577 2940 642 3015 ipso
664 2939 768 3015 inquo
789 2939 857 2998 talia
874 2939 1056 3016 agitabantur
1078 2951 1164 3001 coetu

71 3086 77 3096 ,
123 3026 334 3105 pronuntiavit,
348 3040 432 3081 manu
449 3041 481 3082 se
498 3039 548 3082 sua
563 3021 799 3097 interfecturum,
821 3024 875 3081 nisi
891 3025 938 3102 qui
953 3025 1090 3099 iurasset,
1107 3042 1165 3083 nou

124 3127 193 3168 esse
216 3106 272 3166 sibi
289 3115 414 3164 mentem
430 3106 632 3168 destituendae
650 3105 847 3185 reipublicae:
872 3124 995 3186 cumque
1017 3109 1083 3186 ipse
1107 3110 1163 3187 pri·

124 3210 187 3251 mus
217 3209 250 3249 se
272 3189 415 3266 religione
438 3190 489 3249 tali
516 3190 693 3266 obligasset,
724 3192 825 3252 stricto
850 3190 949 3266 gladio
968 3201 1092 3252 mortem
1115 3194 1163 3251 uni

124 3295 162 3335 ex
188 3274 327 3353 proximis
348 3275 486 3349 minatus,
506 3277 561 3334 nisi
580 3274 730 3352 acciperet
749 3284 977 3353 sacramentum,
1001 3276 1081 3337 illurn
1103 3295 1162 3335 me-

123 3369 169 3436 tu,
192 3367 310 3418 ceteros
333 3360 417 3418 etiam
439 3358 575 3436 exemplo
598 3358 697 3435 coegit
719 3358 755 3418 ad
774 3359 932 3419 iurandum.

206 3445 257 3505 40.
300 3442 476 3502 Volscorum
506 3451 690 3524 castracum
711 3459 805 3520 prope
831 3459 849 3502 a
873 3444 1006 3521 virgultis
1028 3445 1160 3522 silvaque
