2438 3848
522 181 703 249 unruoum.
1106 187 1147 235 rx

178 338 250 413 Cap.
266 341 303 396 V.
318 344 345 399 4.
366 342 447 410 utet)
468 344 500 395 ut
507 340 628 399 retinent
641 342 704 398 libri
724 340 832 414 optimi.
860 333 875 419 Η
907 347 952 401 15.
969 341 1041 414 ont)
1057 343 1142 419 Vuig.

90 423 141 481 Hi.
173 418 188 503 Η
213 429 260 484 11.
274 438 372 483 secum
395 423 493 494 dueta)
512 425 554 481 Ita
567 426 656 481 Palat
686 424 857 498 Opponitur:
880 440 948 498 quor
964 428 1143 500 relinquebat.

90 509 178 582 Vulg.
193 509 318 565 reducta.
338 498 352 586 Η
374 490 421 567 18Ϊ
432 507 572 577 Rbodriur)
586 508 669 578 Quod
684 509 797 566 additur
809 524 880 579 rea,
896 525 912 564 e
928 508 1005 565 Med.
1020 528 1063 582 pr.
1078 530 1143 570 oum

92 593 156 649 uliis
172 593 243 649 viris
260 591 351 648 doctis
367 590 470 648 delevi.
503 593 545 651 Gi.
566 594 699 653 iniradd.
731 585 745 672 Η
771 599 804 650 ut
815 593 946 663 subinde)
971 594 1057 667 Vulg.
1073 601 1103 651 ut
1117 601 1150 659 et,

90 677 152 735 sub.
191 674 252 745 §ed
268 675 413 732 etinnLiis
428 677 506 732 libris
520 678 613 733 iocum
628 683 729 745 mutat,
751 677 888 734 aMedio.
903 681 993 735 abest
1026 671 1041 757 Η
1065 683 1109 738 19.
1124 697 1150 743 a.

90 760 226 834 Bardylr)
251 759 338 832 Vulg.
361 758 397 814 ab
420 761 517 817 Arda.
551 756 565 837 Η
598 767 644 820 21.
669 764 811 832 aversam)
832 761 947 832 Gujetus
969 766 997 819 ot
1017 763 1142 822 Gronov.

91 846 166 900 Libri
189 848 237 901 aut
254 844 402 899 advertam
423 849 471 899 aut
491 844 638 901 diuersam.
667 837 681 923 Η
707 851 752 905 23.
773 847 833 902 Nec
856 846 929 918 def.)
944 847 1001 904 Alii
1016 847 1140 907 addunt:

90 928 150 985 Nee
165 944 232 986 aero
254 927 312 1000 def.
337 919 350 1005 Η
366 929 412 985 tt.
425 927 562 999 Ismenon)
584 929 671 1002 Vulg.
691 929 817 986 Atbmon.
836 929 907 986 Mss.
922 931 1040 990 variant
1058 922 1072 1009 Η
1094 937 1140 992 28.

86 1013 231 1086 paganos)
247 1011 322 1068 Libri
332 1025 433 1083 payns.
466 1012 531 1067 Vox
546 1013 662 1069 ineerta.
679 1003 693 1090 Η
710 1017 754 1072 29.
768 1016 795 1070 εἰ
809 1016 899 1071 ambit.
927 1016 1002 1072 Libri
1019 1017 1064 1072 vei
1079 1019 1143 1087 plu·

90 1090 152 1153 rimi
166 1099 298 1167 intersit,
317 1096 353 1151 ab
375 1094 429 1150 sibi
449 1098 538 1173 cessit.
566 1098 652 1169 Vuig.
670 1099 761 1154 cessit.
794 1096 873 1164 Quae
888 1104 1058 1167 sequuntur:
1073 1116 1142 1155 nam

90 1187 231 1253 tamquam
246 1207 289 1218 —
300 1209 343 1221 —-
356 1179 468 1250 cecidit,
494 1196 531 1235 ex
551 1179 636 1236 codd.
659 1186 686 1234 et
702 1180 764 1234 Liv.
780 1178 869 1240 XXX.
890 1181 1041 1238 stertitur
1062 1174 1076 1259 Η
1094 1187 1139 1243 30.

92 1265 254 1335 otoabanre)
268 1262 394 1337 Appian.
411 1262 448 1319 de
463 1265 489 1321 b.
505 1263 600 1318 Midrr.
622 1266 672 1321 79:
702 1252 846 1336 Σκύθης,
870 1252 964 1336 ὄνομα
982 1250 1137 1339 ’Obruitur

89 1347 230 1407 Plutarch.
245 1349 353 1404 Luouil.
368 1340 417 1406 lb:
435 1332 591 1414 'ornauit
617 1345 709 1402 Codd.
725 1347 845 1403 variant.
871 1346 959 1421 Vulg.
972 1347 1139 1405 naumann.

89 1426 102 1511 Η
117 1433 337 1505 mobatr'onibur)
352 1430 428 1488 Libri
441 1431 538 1487 tavent
558 1431 727 1504 ooybatbut.
743 1423 756 1509 Η
778 1430 882 1502 iubent)
902 1447 966 1487 oum
981 1430 1064 1502 Oud.,
1085 1449 1138 1506 pro

88 1508 576 1594 iubetsstna'peretar)'ita1tledie.
597 1531 643 1588 pr.
659 1513 751 1571 Ceteri
771 1517 915 1587 incubaret.
939 1506 953 1593 Η
971 1516 1047 1574 Oura
1069 1519 1140 1587 tum)

88 1601 352 1677 Autem-Curatum.
367 1591 381 1677 Η
397 1603 521 1669 rentum)
552 1599 597 1654 An
614 1599 745 1672 samam?
759 1590 773 1678 Η
789 1601 862 1657 uelut
878 1600 1019 1673 furerent,
1046 1615 1139 1657 carse-

87 1684 166 1754 mut)
181 1681 229 1740 Sia
244 1683 353 1743 retinui.
374 1683 470 1743 ,1)1111.
484 1684 556 1740 uelut
563 1681 716 1756 suadenter,
729 1682 805 1738 Med.
819 1700 863 1756 pr.
883 1685 1021 1741 retinent.
1051 1684 1138 1758 Vuig.

88 1771 159 1827 uelut
171 1775 325 1824 currerunt.
342 1760 356 1845 Η
372 1767 478 1837 atinde,
490 1769 567 1837 cam)
582 1769 668 1840 Vulg.
684 1772 710 1824 et
721 1785 819 1840 *quum
835 1759 848 1845 Η
864 1769 973 1839 iamque
985 1770 1079 1838 etiam)
1095 1784 1139 1824 re·

88 1854 191 1909 vomvi
203 1854 333 1908 exPalat.
357 1852 450 1922 Vulgo
467 1868 551 1923 quum
564 1854 619 1906 tam
634 1854 723 1909 etrum.
744 1851 789 1907 An
804 1853 985 1924 quinetiam?
1002 1844 1015 1930 Η
1031 1852 1139 1923 ερνεάι)

88 1937 247 1993 oPetrens.
266 1936 373 2008 recepi.
389 1926 403 2013 Η
426 1937 519 2005 etita)
535 1940 561 1990 et
581 1936 644 2007 ipse
663 1936 783 1991 restitui.
797 1927 812 2012 Η
835 1939 879 1993 32.
896 1937 1016 2005 imenso)
1038 1952 1078 1991 so.
1102 1937 1138 1993 ab

87 2020 298 2091 insidiatoribus
313 2018 448 2090 Pompeii.
468 2010 484 2097 Η
496 2022 543 2078 34.
567 2019 761 2086 Calamatium)
778 2018 812 2072 11.
829 2021 856 2083 t,
875 2021 902 2076 7.
939 2018 1020 2090 Vulg.
1038 2018 1137 2075 Catbe·

87 2121 163 2162 nam.
180 2096 194 2182 Η
209 2109 255 2165 36.
271 2105 408 2173 dmututo)
418 2103 480 2171 „sie
492 2105 584 2175 gabon
594 2103 643 2158 ihn
655 2102 732 2156 aui.“
776 2102 822 2159 37.
830 2098 978 2172 Pbarnap.
993 2101 1139 2170 etPartb.)

88 2205 113 2248 v.
130 2188 206 2246 Oud.
240 2189 347 2260 Vulgo:
375 2186 582 2243 Pharnastanis
598 2184 725 2244 Parthos.
783 2189 828 2242 42.
849 2184 915 2253 tale)
934 2185 996 2255 ipse
1018 2185 1135 2241 inserui.

75 2273 128 2333 ·Cf.
144 2289 210 2344 cup·
226 2277 270 2339 15,
285 2277 329 2331 31.
352 2260 366 2349 Η
384 2272 517 2340 omnium)
533 2286 574 2326 sc.
596 2269 723 2325 miiitum.
745 2268 857 2341 Oppon.
869 2269 1057 2340 firmr'rrrinam
1075 2286 1135 2326 rna-

87 2373 162 2414 nunt.
178 2348 192 2435 Η
208 2358 456 2428 4311191111-
470 2354 555 2423 iubet)
571 2354 657 2426 Vulg.
671 2355 790 2427 erigeret
808 2383 850 2396 -
860 2353 975 2411 iuberet.
991 2345 1003 2431 Η
1021 2355 1139 2424 Hostes)

86 2441 179 2515 Vulgo
195 2439 309 2495 additur
325 2445 425 2496 autem.
438 2430 452 2519 Η
469 2440 613 2511 occupati)
626 2437 842 2510 „dborrasoht.“

171 2523 300 2595 couvi.
317 2528 344 2585 7.
357 2526 455 2596 porta)
472 2524 513 2579 ita
526 2539 542 2578 e
556 2522 615 2578 Liv.
634 2521 725 2593 Oud.,
736 2539 788 2594 pro
798 2528 895 2595 parte.
920 2512 933 2598 Η
960 2526 1003 2579 10.
1021 2535 1058 2576 ne
1078 2536 1136 2585 non„

85 2610 134 2666 rol.
162 2609 237 2676 arie)
268 2608 309 2665 Ita
329 2608 387 2663 iam
404 2607 476 2665 Oud.
496 2608 676 2679 proposuite
697 2607 777 2662 libris
801 2605 1013 2663 restituendum.
1048 2604 1134 2677 Vuig.

84 2709 140 2750 non
163 2694 268 2761 solum,
290 2707 327 2748 ne
340 2690 420 2763 fort,
449 2698 477 2747 et
490 2692 564 2746 inira
577 2693 637 2747 acie
651 2690 768 2748 cederet.
799 2689 868 2745 Tum
893 2705 945 2765 pro
965 2688 1134 2762 sumentibus

83 2778 196 2835 correxi
206 2775 391 2849 furientium

171 2861 240 2933 Cap.
256 2860 318 2916 Vll.
337 2866 363 2921 1.
388 2858 631 2927 circumvenirent)
660 2854 738 2913 Med.
765 2853 857 2911 Ceteri
878 2856 1095 2912 circumveniret.
1118 2845 1139 2933 Η,

82 2951 110 3006 3.
136 2946 307 3015 1111111111)
332 2943 484 3017 Vulgatam
509 2942 622 3000 retinui.
655 2940 731 2996 Libri
760 2939 954 2996 auxiliaribus.
993 2938 1065 2994 Oud.
1097 2955 1136 2997 ex

84 3030 164 3088 Leid.
181 3029 357 3084 auxiliarios.
374 3019 388 3105 Η
405 3033 433 3086 8.
454 3025 530 3082 Mac.
547 3041 609 3082 ram
625 3024 694 3093 vid.)
717 3023 809 3079 Libri:
827 3018 936 3094 excepit
953 3022 1134 3090 Macedonas.

82 3117 132 3187 qm·
150 3129 214 3179 con
234 3113 288 3169 ora.
312 3102 326 3190 Η
353 3117 395 3170 11.
417 3109 662 3177 1111111.)
685 3107 776 3163 Libri:
806 3105 855 3164 on.
872 3104 996 3163 Montius
1017 3109 1132 3164 -001-

82 3199 143 3270 leqa
160 3197 256 3254 Fabio.
285 3195 403 3252 Admitti
417 3211 474 3250 non
487 3198 594 3266 potest,
618 3192 797 3261 Frontinum,
814 3191 861 3246 oui
882 3191 979 3247 Livius
996 3192 1025 3246 in
1046 3207 1133 3247 manu

83 3288 153 3351 erat,
168 3280 337 3353 praesertim
351 3281 381 3334 in
402 3296 433 3335 re
452 3279 606 3344 nobilitata,
628 3277 657 3331 in
676 3274 834 3331 nominibus
853 3290 977 3331 errasse.
1000 3276 1064 3331 Non
1083 3291 1133 3330 ne·

83 3368 221 3439 gavorim
239 3382 306 3422 eum
319 3368 496 3435 permutasse
512 3376 627 3429 cornua,
642 3377 659 3415 a
673 3360 752 3415 Livio
769 3375 828 3415 non
841 3374 994 3430 expressa:
1019 3358 1055 3414 de
1070 3359 1132 3429 qui·

82 3453 134 3509 bus
153 3447 347 3509 consulendus
362 3447 527 3523 Dionysius.
559 3445 635 3501 lnira
649 3444 756 3501 inserui
768 3457 813 3517 ea,
834 3449 863 3500 et
875 3457 927 3516 pro
937 3441 1025 3517 meod.
1034 3441 1135 3509 tuqus
