2438 3848
199 128 541 246 summaulmcou
563 179 632 228 uns.
645 178 698 228 m.
719 177 795 230 cua.
808 179 965 230 vu-vnu.
1062 169 1103 232 ot

118 336 175 398 .·4.
220 302 592 421 Cyrffapudssllabylona,
616 348 703 415 quaa‘
713 334 807 396 media
823 335 938 395 humine
952 317 1103 415 Euphrate

51 412 258 495 dividemur,
279 419 390 499 suanm
410 420 521 505 pariter
541 428 571 479 et
599 436 740 497 aggegem
760 420 895 494 instituit,
917 427 948 478 ut
969 421 998 479 in
1019 438 1103 480 usum

57 504 123 563 eius
146 494 476 564 ensdmarenthosta's
506 504 589 581 egeri
610 511 732 565 terram:
763 513 851 581 atque
871 504 910 563 ita
931 501 1026 562 subito
1049 503 1101 563 ilu-

56 586 136 648 minc
161 578 274 646 averso
295 604 352 665 pqr
384 586 499 675 alvgum
526 570 675 665 vestrum,
705 587 754 667 qui
783 589 909 647 siccatus
938 587 1102 664 ingressum

57 668 239 750 praebebat,
266 668 369 745 urbem
390 670 514 730 intrauit.

11 824 15 831 ,
144 754 186 817 ba
203 786 222 833 ›·.:
235 752 402 817 Semitamis
428 755 570 815 aduersus
597 753 792 831 Babylonios,
823 754 929 816 eodem
950 752 1102 834 Euphrate

58 840 223 915 auersae,-v
306 836 582 923 iecisse'diciturl„
608 850 619 865 ⁴

144 918 175 981 6.
191 916 388 999 -plllisthenes,
416 921 571 1005 Sicyopiu's
601 921 717 983 ductum
744 938 883 1000 aquarum
907 921 935 980 in
965 923 1103 1002 oppidum

58 994 246 1075 Crisaeottlth
259 980 403 1066 ferenteul
416 1007 508 1085 rupit;
526 1022 596 1066 mox
611 1005 733 1066 reiectis
748 1006 840 1080 tubis,
856 1006 982 1065 restituit
999 1024 1103 1084 aquam

57 1089 195 1152 elleboro
209 1092 387 1169 comptam,
400 1108 457 1170 qua
467 1106 539 1150 usos
550 1089 814 1169 profluvioventris
827 1088 999 1149 deficientes
1012 1091 1101 1168 cepit.

449 1322 598 1385 CAPUT
620 1321 717 1384 VIII.

256 1456 313 1504 nn
334 1455 534 1505 unncuauno
555 1433 721 1504 'oasussua
743 1419 893 1506 aurona.

148 1595 176 1654 1.
216 1590 386 1672 Philippus,
410 1598 475 1653 cum
496 1593 645 1654 Prinasum
668 1594 822 1654 castellum
841 1596 920 1658 nulla
942 1597 972 1657 vi
994 1613 1103 1676 capere

57 1686 182 1758 posset,
211 1685 318 1737 terram
344 1684 411 1737 ante
434 1679 516 1758 ipsos
543 1695 642 1737 muros
671 1677 801 1755 adgessit
828 1681 1031 1760 simulavitque
1055 1682 1104 1759 agi

59 1761 242 1822 cuniculum:
271 1761 439 1839 castellani,
468 1763 535 1841 quia
556 1761 694 1821 subrutos
716 1780 749 1821 se
777 1764 998 1842 existimabant,
1023 1765 1103 1826 dedi-

59 1846 174 1906 derunt.
1138 1850 1145 1862 '

143 1927 175 1988 2.
220 1927 378 2007 Pelopidas
405 1926 579 2004 Thebanus,
609 1927 776 2006 Magnetum
804 1928 861 1988 duo
891 1931 999 2009 oppida
1020 1932 1105 1991 simul

59 2012 279 2092 obpugnaturus
300 2029 359 2072 non
376 2013 416 2072 ita
439 2009 528 2088 longo
546 2012 643 2091 spatio
664 2012 817 2088 distantia,
838 2031 896 2092 quo
915 2022 1050 2092 tempore
1068 2015 1105 2075 ad

60 2095 184 2157 alterum
203 2112 304 2156 eorum
328 2097 489 2156 exercitum
510 2093 700 2172 admovebat,
722 2098 890 2175 praecepit,
913 2105 944 2156 ut
966 2115 1004 2157 ex
1026 2112 1103 2157 conu-

60 2182 158 2260 posito
187 2180 223 2241 ab
250 2180 351 2241 alteris
381 2179 486 2239 castris
508 2187 644 2258 quattuor
672 2180 786 2257 equites
810 2182 961 2258 coronati,
983 2180 1105 2241 notabili

61 2263 213 2325 alacritate
241 2265 322 2325 velut
347 2264 501 2323 victoriam
528 2263 746 2339 adnuntiantes,
775 2265 929 2325 venirent:
958 2264 995 2326 ad
1023 2266 1105 2324 cuius

60 2347 273 2408 simulationem
296 2349 424 2424 curavit,
446 2355 477 2406 ut
492 2347 565 2407 silua
586 2364 662 2428 quae
684 2348 713 2407 in
734 2349 830 2409 medio
848 2357 911 2409 erat
932 2349 1104 2410 incendere-

59 2441 122 2508 tur,
147 2432 315 2510 praebitura
338 2433 471 2512 speciem
486 2431 566 2491 urbis
588 2431 727 2492 ardentis.
772 2432 930 2494 Praeterea
952 2433 1104 2513 quosdam,

61 2516 242 2595 captivorum
257 2515 373 2592 habitu,
397 2516 503 2577 eodem
521 2516 604 2575 iussit
618 2517 750 2594 perduci.
797 2515 861 2590 Qua
879 2517 1105 2577 adseveratione

61 2601 210 2678 perterriti
237 2601 287 2678 qui
307 2599 531 2677 obsidebantur,
560 2598 627 2660 dum
654 2601 683 2658 in
703 2610 786 2681 parte
815 2602 870 2661 iam
891 2620 925 2662 se
949 2608 1105 2680 superatos

61 2685 242 2759 existimant,
258 2683 450 2746 deiecerunt.

147 2768 177 2832 3.
220 2766 315 2843 Cyrus
336 2785 392 2828 rex
406 2767 575 2846 Persarum,
598 2768 712 2829 incluso
732 2768 873 2829 Sardibus
894 2765 1026 2842 Croeso,
1049 2784 1107 2844 qua

61 2859 237 2932 praeruptus
259 2868 342 2911 mons
357 2851 466 2911 nullum
487 2853 593 2912 aditum
609 2850 794 2930 praestabat,
818 2851 855 2913 ad
876 2852 991 2911 moenia
1012 2850 1106 2909 malos

62 2943 263 3013 exaequantes
288 2935 466 2995 altitudinem
488 2936 548 3012 iugi
571 2934 721 3012 subrexit,
750 2935 854 3013 quibus
877 2935 1032 2995 simulacra
1054 2933 1106 2993 ho·

61 3020 167 3079 minum
181 3027 290 3080 armata
306 3018 417 3080 Persici
433 3018 548 3079 babitus
564 3020 763 3098 imposuerat,
785 3027 932 3097 noctuque
952 3035 1003 3078 eas
1018 3017 1108 3076 monti

62 3102 205 3164 admovit:
235 3111 294 3162 tum
316 3103 408 3182 prima
437 3102 504 3163 luce
534 3120 572 3162 ex
598 3103 691 3163 altera
719 3110 803 3182 parte
831 3120 930 3162 muros
948 3102 1107 3179 adgressus

63 3194 120 3247 est.
163 3185 222 3246 Ubi
240 3202 313 3246 vero
336 3194 402 3247 orto
424 3187 481 3247 iam
502 3187 567 3247 sole
590 3186 743 3247 simulacra
764 3186 815 3247 illa
837 3194 1011 3247 armatorum
1029 3184 1107 3244 reie-

62 3269 157 3330 rentia
173 3269 300 3331 habitum
317 3271 512 3348 refulserunt,
535 3271 689 3350 oppidani,
713 3278 827 3350 captam
841 3269 944 3331 urbem
966 3267 1003 3329 ab
1022 3276 1107 3344 tergo

63 3352 222 3415 credentes
251 3362 282 3415 ct
311 3355 350 3417 ob
377 3354 436 3417 hoc
469 3355 499 3416 in
525 3353 624 3433 fugam
649 3353 771 3435 dilapsi,
799 3354 951 3416 victoriam
975 3349 1108 3412 hostibus

65 3447 287 3500 concesserunt.

877 3530 928 3595 δὴ
