2438 3848
89 179 126 226 vl
512 170 712 221 PRAEFATIO

89 350 182 407 paene
199 332 234 389 de
250 332 339 389 verbo
354 331 505 404 exscripsit
519 330 683 400 Frontinus,
704 345 790 401 quare
809 346 846 385 ex
861 330 963 386 eodem
978 332 1050 387 inira
1071 333 1148 390 inse·

92 419 137 474 rui
151 423 177 475 et
196 433 279 474 anno.
314 418 421 473 Antea:
435 416 470 471 Α.
483 413 618 471 Manlius.

179 500 247 574 Cap.
264 501 300 556 X.
317 509 342 560 1.
358 501 547 568 ualentiorem)
563 514 601 554 sc.
619 515 731 569 equum,
748 497 766 552 i.
780 513 805 551 e.
821 498 985 554 valentioris
1002 500 1068 570 equi
1080 516 1146 557 cau-

94 585 168 645 dam.
205 585 248 642 Cl.
264 585 312 639 lV.
326 589 353 652 7,
371 589 397 643 6.
413 575 427 662 [l
442 589 469 640 2.
486 585 547 638 tutis
560 588 586 638 et
597 583 710 652 sinen.)
738 579 785 637 Sic
807 597 822 635 e
838 582 969 653 vestigiis
985 600 1054 639 mss.
1077 585 1144 656 legi,

92 676 216 744 protum
236 669 360 739 utrisque
381 672 408 722 ct
423 668 483 722 sine
493 683 571 722 noxa
586 673 637 722 ost.
666 657 679 744 ΙΙ
708 670 735 723 4.
752 665 804 720 sibi
819 667 898 736 tent.)
913 666 964 721 sibi
976 669 1112 723 revocavi
1128 684 1145 722 e

92 754 171 810 libris
187 751 278 807 bonis.
295 742 309 830 ΙΙ
323 751 471 806 concordii
491 753 521 805 in
536 753 620 819 mnes)
636 751 653 804 i.
679 767 705 804 e.
721 748 874 805 concordii
889 751 975 821 civili,
991 752 1146 807 concordii

93 839 199 894 civium
212 836 283 890 inter
308 851 339 890 se
357 834 429 891 orti.
457 835 553 903 „Weil
570 850 602 890 es
625 833 692 902 (das
707 837 778 888 riim.
795 833 884 904 Volk)
901 835 929 889 in
951 835 1145 908 biirgerlicher

93 919 239 977 Eintracht
253 920 401 974 erstarken
416 919 550 975 kinnte.“

181 1000 250 1075 Cap.
265 1003 311 1058 XI.
327 1009 354 1061 2.
371 1005 418 1058 sui
425 1006 521 1075 pers.)
538 1000 699 1070 emendavi,
724 1016 775 1071 pro
796 1014 857 1058 suu.
887 999 928 1057 ut.
944 1002 965 1062 1.
983 1008 1009 1071 5,
1027 1008 1077 1062 16:
1100 1005 1147 1058 sui

94 1092 273 1158 contemptus.
302 1084 433 1142 Cantabr.
455 1087 645 1159 supersuusrb.
661 1076 674 1164 l}
689 1088 716 1154 3,
731 1085 913 1156 eniterentur)
936 1087 976 1151 lta
994 1089 1056 1156 (aut
1076 1089 1145 1142 nite-

94 1172 206 1240 rentur)
223 1170 349 1226 nonnulli
362 1171 439 1226 libri:
462 1169 539 1241 quod
556 1170 685 1225 subtilius
706 1170 824 1223 verbum
842 1176 901 1238 est,
924 1187 1005 1240 quam
1023 1170 1099 1240 quod
1115 1172 1146 1225 li·

94 1256 196 1313 brariis
216 1255 359 1312 debeatur.
394 1253 482 1324 „Sicb
498 1254 653 1309 autrichten
677 1251 735 1307 und
757 1268 910 1307 ermannen
933 1269 983 1310 aus
1008 1253 1059 1308 der
1080 1255 1145 1310 Nie-

97 1337 385 1411 dergeschlagenheit
400 1337 459 1393 und
474 1338 663 1408 Verwirrung
680 1334 819 1407 (confusis
836 1338 979 1407 unimr's).“
1016 1329 1144 1411 Plerique

96 1422 160 1478 libri
175 1427 339 1493 emerentur
354 1422 409 1490 (sc.
425 1420 462 1476 ad
481 1423 629 1493 pugnam).
662 1420 733 1476 Oud.
750 1422 933 1492 eriperentur.
962 1423 1009 1476 An
1023 1426 1146 1478 concito-

96 1509 217 1562 rentur?
249 1521 304 1576 quo
327 1506 415 1560 verbo
446 1505 473 1558 in
499 1521 534 1558 ea
558 1522 588 1560 re
616 1505 699 1560 utitur
725 1509 821 1558 noster
846 1505 917 1561 inira
943 1508 971 1564 4.
994 1510 1020 1564 6.
1048 1513 1091 1567 19.
1119 1513 1147 1561 ct

81 1590 174 1647 ralibi.
189 1581 202 1667 Η
217 1593 242 1648 7.
259 1589 353 1644 eodem
375 1588 418 1644 die
439 1589 541 1658 classe,
556 1605 609 1661 quo
631 1595 709 1645 terra
723 1589 789 1658 uic.)
816 1588 857 1642 lta
874 1590 964 1643 locum
987 1590 1146 1645 sanandum

98 1689 164 1729 esse
179 1672 285 1746 putavi.
312 1673 421 1744 Vulgo:
439 1672 532 1728 eodem
544 1673 596 1743 dic,
612 1689 667 1745 quo
681 1674 771 1728 classe
784 1674 834 1728 uic.
864 1663 878 1750 ΙΙ
907 1678 934 1732 9.
954 1676 1048 1741 urum)
1071 1675 1146 1729 Libri

97 1773 190 1812 urna.
226 1757 301 1811 Intra
317 1757 423 1811 inserui
436 1757 504 1812 duos
516 1773 580 1812 cum
595 1756 717 1811 Herelio.
734 1748 747 1833 ΙΙ
763 1760 807 1815 13.
822 1770 871 1825 eu,
892 1774 949 1828 qua
972 1759 1038 1812 tutia
1057 1763 1147 1827 erunt,

97 1842 183 1914 quae)
199 1840 216 1895 i.
232 1857 256 1897 c.
273 1847 409 1912 cupane,
426 1856 481 1912 qua
498 1841 604 1912 (parte)
621 1857 656 1896 ea
674 1839 914 1912 (strategemata),
937 1857 1008 1912 quae
1031 1843 1147 1913 excogi-

96 1927 236 1994 tabantur,
252 1924 318 1980 talia
333 1930 422 1994 erunt,
438 1930 467 1980 ut
482 1941 517 1980 ea
532 1940 549 1980 a
563 1924 621 1980 Diis
644 1939 681 1977 m.
703 1940 768 1979 esse
790 1922 949 1981 credantur.
977 1925 1017 1980 lta
1039 1926 1146 1980 restitui

99 2025 115 2062 e
132 2009 255 2080 quinque
271 2008 358 2066 libris.
389 2008 474 2081 Vulg.
489 2022 530 2074 cu,
550 2022 623 2080 quac
645 2007 711 2063 tutia
732 2013 827 2077 erunt,
851 2011 967 2082 excoyit.
996 2000 1009 2087 Η
1036 2013 1082 2068 lie
1095 2026 1146 2064 ru-

92 2095 213 2165 puisset)
237 2092 254 2146 i.
272 2108 297 2146 e.
317 2092 482 2148 imbibisset.

185 2174 254 2247 Cap.
277 2175 336 2230 XII.
359 2178 386 2232 3.
407 2177 442 2232 P.
467 2175 576 2247 Sempr.
608 2173 731 2244 Sophus)
757 2174 843 2246 Vulg.
868 2175 899 2230 Τ.
923 2174 1034 2246 Scmpr.
1057 2176 1146 2231 Grue-

99 2260 178 2316 obus.
200 2252 213 2338 Η
235 2257 539 2329 buccunianum
555 2257 693 2311 mortibus.
725 2255 814 2311 Ceteri
827 2259 979 2328 funeribus.
1007 2251 1020 2335 ΙΙ
1047 2264 1074 2319 7.
1090 2278 1147 2332 pro

98 2350 136 2399 tr.
151 2347 328 2417 exciperetur
339 2346 409 2415 siun.
428 2346 456 2395 et
466 2342 507 2394 sic
525 2336 614 2410 cons.)
650 2338 692 2392 Ita
713 2353 748 2391 ex
768 2339 894 2396 Petrens.
914 2341 1028 2394 restitui.
1061 2343 1148 2416 Vulg.

94 2443 153 2499 pro
171 2432 205 2483 tr.
227 2428 427 2501 siqnificutione
445 2421 556 2493 confusi
573 2421 630 2476 mil.
666 2418 724 2476 Sed
746 2436 844 2478 omnes
866 2422 949 2478 codd.
968 2423 1150 2495 interponunt

99 2513 287 2584 exciperetur.
321 2509 361 2566 ct.
376 2511 409 2565 ει
425 2522 483 2578 pro
501 2505 782 2576 ostentoeuciperent.
804 2497 817 2585 Η
837 2512 864 2566 8.
885 2508 1040 2562 imminente
1056 2515 1147 2580 nocte)

98 2595 160 2651 Liv.
175 2595 270 2650 XLIV.
288 2594 330 2651 37.
351 2591 438 2661 Vulg.
458 2592 639 2646 imminentem
659 2590 734 2658 (sine
750 2594 855 2662 noctc):
879 2591 955 2663 quod
974 2592 1149 2663 superfluum

99 2685 214 2751 propter
230 2692 289 2747 seq.
303 2674 440 2747 futurum.
468 2674 571 2730 Medio.
583 2676 746 2730 imminente.
762 2667 776 2753 ῙΙ
791 2681 818 2736 9.
830 2679 909 2751 quio)
926 2675 973 2733 Sic
985 2678 1147 2749 legendum,

100 2779 157 2818 non
173 2778 239 2835 quo.

186 2847 246 2900 Lib.
263 2841 378 2910 chap.
393 2839 455 2900 1.1.
470 2845 587 2913 criente)
612 2844 686 2899 Libri
701 2842 781 2900 haud
796 2844 880 2916 pauci
894 2845 1039 2899 inoriente.
1073 2845 1148 2900 Intra

102 2937 150 2988 15:
165 2932 268 2986 oriente
281 2926 373 2980 statim
395 2923 446 2981 dic.
476 2927 559 2983 Haud
574 2930 662 2983 semel
677 2928 837 2983 inFrontini
851 2927 934 2983 codd.
950 2934 1053 2983 temere
1067 2945 1149 3001 prae·

100 3011 195 3083 figitur
211 3010 321 3082 syllaba
334 3009 373 3064 in.
386 2999 400 3087 Η
415 3015 443 3069 3.
459 3009 647 3081 Sertorianos)
662 3012 747 3084 Vulg.
763 3029 845 3084 quum
864 3010 934 3067 Sert.
991 3019 1018 3069 4.
1041 3021 1067 3067 et
1087 3029 1150 3068 curn

100 3096 188 3166 ined.)
215 3095 256 3149 lm
278 3109 377 3148 omnes
394 3110 461 3150 mss.
478 3102 505 3150 et
523 3095 588 3151 edd.
606 3102 665 3151 vet.
701 3096 795 3168 Vulgo
816 3112 871 3151 om.
890 3101 924 3151 et.
997 3100 1023 3154 6.
1045 3101 1148 3165 essent)

102 3178 174 3234 Oud.
189 3179 280 3232 eruent.
298 3169 311 3252 Η
326 3181 353 3235 8.
369 3180 398 3233 in
413 3181 509 3250 numu
530 3180 602 3247 usic)
631 3178 708 3246 „den
729 3180 765 3234 im
785 3178 996 3235 Vordertrellen
1017 3180 1151 3251 plutzlioh

101 3262 152 3316 mit
168 3261 242 3316 allen
256 3259 371 3316 Kriilten
386 3261 599 3335 angegriffenen
619 3262 738 3319 Feind.“
768 3263 898 3319 Brevitas
922 3262 1030 3317 inducit
1049 3267 1151 3320 obseu-

101 3345 221 3398 ritatem.
248 3344 293 3398 An
308 3345 475 3418 legendum:
492 3347 565 3402 adm.
579 3347 657 3401 etium
669 3347 796 3415 subsidio,
811 3349 932 3402 collectis
942 3349 971 3401 in
983 3349 1077 3416 primu
1089 3351 1152 3404 acie

101 3430 175 3483 univ.
187 3426 297 3500 cirine,
318 3446 399 3504 oppr.
410 3429 437 3502 f.
452 3429 574 3488 bostem?
593 3430 624 3485 In
638 3429 741 3486 cedem
754 3447 785 3486 re
799 3431 895 3486 Livius
910 3429 943 3484 X.
958 3434 1009 3488 29:
1033 3433 1151 3498 collectis
