2438 3848
235 168 578 220 sannuncunnmoon
593 171 663 219 uun.
683 171 720 220 ιι.
746 170 822 221 cnr.
836 173 868 221 v.
881 173 929 221 vr.
1063 161 1105 223 49

59 325 147 384 citum
179 332 211 384 et
238 323 340 403 plures
369 342 460 386 naves
489 325 629 401 haberet,
658 335 745 386 nocte
776 326 919 404 expositis
947 328 977 386 in
998 337 1107 389 terram

60 407 234 486 quibusdam
256 408 377 468 militum
396 426 531 487 suorum,
555 420 638 490 parte
658 427 777 490 quoque
795 413 909 471 navium
930 420 999 489 post
1016 428 1106 489 quae·

59 493 125 553 dam
148 493 348 571 promontoria
376 492 553 569 occultata,
568 495 633 572 ipse
662 514 727 555 cum
753 497 853 575 paucis
875 495 1043 573 proiectus,
1067 498 1108 556 ita

60 586 89 635 ut
108 584 279 655 contemptu
294 577 338 636 sui
352 574 467 636 hostem
484 579 636 654 invitaret,
651 579 785 643 eumdem
802 580 1003 659 insequentem
1021 579 1106 657 fugit,

60 660 157 722 donec
177 661 206 719 iu
226 669 416 740 praeparatas
439 663 558 723 iusidias
580 663 773 741 perduceret:
797 683 932 724 aversum
955 664 1060 725 deinde
1078 673 1108 724 et
1161 734 1165 746 Ι

60 745 263 823 egredientem
285 747 314 805 in
331 753 439 805 terram
455 763 511 825 per
530 764 609 824 eos,
623 764 698 826 uuus
719 748 754 809 ad
771 746 828 808 hoc
845 751 939 828 ipsum
959 743 1106 828 exposue-

60 837 122 906 rat,
146 829 264 889 cecidit.
638 861 641 865 -

145 913 197 972 45.
240 912 337 990 Idem,
356 915 452 975 navali
472 913 588 993 proelio
604 912 823 992 decertaturus,
848 917 995 989 constituit
1012 918 1106 978 malos

60 997 202 1076 quosdam
224 997 253 1055 in
274 1000 491 1077 promuntorio,
514 999 725 1076 praecepitque
741 998 784 1058 his
806 1017 880 1079 quos
902 1000 942 1059 ihi
961 1001 1106 1079 relinque-

59 1081 126 1157 bat,
146 1091 195 1157 ut,
215 1098 279 1141 cum
297 1085 480 1149 comunissum
497 1081 641 1161 proelium
655 1082 833 1159 sensissent,
846 1084 1008 1161 panderent
1022 1085 1105 1146 vela:

60 1181 119 1245 quo
141 1165 221 1225 iacto
245 1176 421 1226 consecutus
446 1175 507 1241 est,
527 1175 558 1224 ut
580 1165 701 1242 hostes,
725 1166 811 1226 aliam
831 1167 956 1228 classem
978 1169 1007 1227 in
1026 1171 1129 1238 anxir

60 1250 129 1310 lium
151 1252 343 1328 supervenire
366 1253 393 1311 ei
412 1250 559 1326 arbitrati,
580 1257 775 1309 verterentur.

146 1334 198 1394 46.
241 1333 376 1394 Memnon
396 1333 527 1394 Rhodius
549 1333 645 1393 navali
664 1334 796 1412 proelio,
823 1353 887 1394 cum
909 1335 1033 1397 haberet
1056 1338 1107 1397 du-

60 1425 211 1479 ceniarum
231 1414 494 1479 navium'classem
516 1427 547 1478 et
571 1417 697 1478 hostium
719 1437 809 1479 naves
830 1419 941 1480 elicere
963 1420 999 1481 ad
1018 1438 1105 1500 proe-

60 1502 129 1562 lium
153 1502 260 1579 vellet,
288 1503 328 1563 ita
359 1503 502 1565 ordinavit
529 1495 616 1578 snos,
646 1512 676 1563 ut
698 1510 855 1582 paucarum
880 1506 994 1565 navium
1012 1508 1107 1567 malos

60 1588 228 1671 erigerent,
258 1605 370 1666 easque
396 1588 570 1665 primasmgi
592 1586 683 1665 iubet,
725 1587 833 1648 Hostes
857 1590 960 1666 procul
990 1593 1106 1670 conspi-

60 1672 117 1731 cati
139 1688 290 1731 numerum
312 1670 448 1731 arborum
465 1682 493 1731 et
512 1690 549 1731 ex
569 1688 605 1731 eo
620 1668 733 1732 naulum
753 1690 871 1752 quoque
895 1677 1106 1750 coniectantes,

60 1754 229 1817 obtuiemnt
251 1774 287 1816 se
306 1757 455 1816 certamini
455 1801 473 1869 ζ
496 1756 585 1817 seda
606 1756 737 1834 pluribus
759 1760 896 1835 occupati
918 1762 1108 1838 superatique

61 1849 138 1900 sunt.

145 1925 197 1984 47.
234 1922 415 1983 Timotheus
438 1922 496 1983 du'x
525 1923 764 1997 Atheniensium,
791 1923 933 1982 adversus
958 1924 1106 1987 lacedae-

60 2008 175 2068 monios
197 2008 293 2068 nauali
314 2002 383 2068 acie'
401 2007 619 2084 decertaturos,
644 2025 707 2066 cum
725 2009 863 2067 instructa
881 2007 985 2067 classis
1006 2027 1107 2071 eorum

60 2092 97 2153 ad
125 2091 311 2170 pugnandum
338 2093 553 2170 processisset,
583 2110 621 2150 ex
647 2090 842 2150 velocissimis
862 2091 983 2151 navibus
1005 2095 1108 2169 viginti

62 2177 227 2255 praemisit,
255 2194 330 2254 quae
361 2178 436 2235 omni
460 2185 523 2235 arte
542 2176 683 2252 varioque
704 2176 781 2235 ilexu
803 2176 955 2235 eluderent
980 2176 1105 2236 hostem.

60 2260 99 2320 Ut
121 2261 243 2340 primum
259 2259 365 2320 deinde
384 2261 475 2319 sensit
490 2261 583 2318 miuus
604 2260 721 2336 agiliter
735 2262 847 2319 moveri
867 2260 1020 2322 adversam
1041 2280 1106 2341 par-

61 2353 136 2420 tem,
159 2360 337 2423 progressus
360 2345 560 2423 praelassatos
581 2344 670 2404 facile
692 2345 851 2424 superavit.

466 2510 618 2572 CAPUT
647 2512 702 2572 Vl.

103 2642 153 2689 DE
180 2642 387 2691 EMITTENDO
410 2643 541 2708 HOSTE,
569 2643 615 2690 NE
637 2641 788 2690 OLAUSUS
810 2642 991 2692 PROELIUM
1017 2645 1065 2692 EX

201 2795 205 2799 .
304 2727 574 2776 DESPERATIONE
601 2726 862 2774 REDINTEGRET.

149 2850 179 2909 1.
223 2845 323 2909 Gallos
353 2865 390 2908 eu
412 2849 546 2927 proelio,
569 2848 647 2925 quod
667 2845 779 2906 Camilli
803 2847 890 2908 ductu
912 2857 1028 2925 gestum
1050 2857 1106 2926 est,

61 2931 265 2992 desiderantes
288 2933 404 3010 navigia
428 2932 531 3010 quihus
554 2930 681 2990 'l'iberim
703 2932 874 3009 transirent,
898 2942 1016 2992 senatus
1040 2952 1108 2994 cen·

60 3019 120 3076 suit
150 3016 382 3076 transvehendus
418 3026 447 3076 et
483 3014 690 3076 commeatibus
723 3032 840 3093 quoque
873 3019 1107 3095 prosequendos.

60 3099 202 3161 Eiusdem
228 3103 348 3178 generis
379 3099 542 3160 hominibus
577 3107 681 3178 postea
709 3116 764 3176 per
793 3098 973 3178 Pomptinum
1008 3120 1109 3179 agrum

59 3183 241 3261 fugientibus
263 3186 309 3244 via
331 3186 398 3245 data
421 3195 485 3261 est,
509 3202 583 3262 quae
607 3181 719 3242 Gallica
742 3182 942 3264 adpellatur.‚

147 3267 177 3327 2.
222 3268 253 3328 L.
277 3267 403 3329 Marcius
424 3287 517 3347 eques
535 3268 697 3342 Romanus,
722 3268 768 3326 cui
787 3267 900 3326 duobus
921 3267 1109 3347 Scipionibus

59 3353 171 3413 occisis
199 3355 346 3412 exercitus
375 3353 526 3433 imperium
553 3350 674 3424 detulit,
704 3368 768 3410 cum
798 3352 985 3412 circumventi
1014 3352 1050 3412 ab
1071 3369 1108 3411 co

57 3436 166 3514 Poeni,
190 3454 227 3496 ne
250 3437 331 3497 inulti
354 3445 554 3514 morerentur,
578 3435 674 3497 acrius
692 3445 879 3517 pugnarent,
897 3435 1120 3494 lanatis'mam-

107 3541 228 3585 anona.
253 3541 366 3584 sunan.
903 3536 929 3592 ι
