<?xml version="1.0" encoding="UTF-8"?>
<!DOCTYPE html PUBLIC "-//W3C//DTD XHTML 1.0 Transitional//EN"
    "http://www.w3.org/TR/xhtml1/DTD/xhtml1-transitional.dtd">
<html xmlns="http://www.w3.org/1999/xhtml" xml:lang="en" lang="en">
 <head>
  <title>
</title>
<meta http-equiv="Content-Type" content="text/html;charset=utf-8" />
  <meta name='ocr-system' content='tesseract 3.04.00' />
  <meta name='ocr-capabilities' content='ocr_page ocr_carea ocr_par ocr_line ocrx_word'/>
</head>
<body>
  <div class='ocr_page' id='page_1' title='image "./strategematicon00dedegoog_0053.png"; bbox 0 0 2438 3848; ppageno 0'>
   <div class='ocr_carea' id='block_1_1' title="bbox 127 171 848 237">
    <p class='ocr_par' dir='ltr' id='par_1_1' title="bbox 127 171 848 237">
     <span class='ocr_line' id='line_1_1' title="bbox 127 171 848 237; baseline 0.004 -5"><span class='ocrx_word' id='word_1_1' title='bbox 127 171 167 233; x_wconf 84' lang='lat'><strong>30</strong></span> <span class='ocrx_word' id='word_1_2' title='bbox 457 183 533 234; x_wconf 83' lang='lat' dir='ltr'><strong>sax.</strong></span> <span class='ocrx_word' id='word_1_3' title='bbox 556 186 644 234; x_wconf 83' lang='lat' dir='ltr'><strong>runu</strong></span> <span class='ocrx_word' id='word_1_4' title='bbox 666 186 848 237; x_wconf 83' lang='lat' dir='ltr'><strong>raourrur·</strong></span> 
     </span>
    </p>
   </div>
   <div class='ocr_carea' id='block_1_2' title="bbox 50 336 1170 3536">
    <p class='ocr_par' dir='ltr' id='par_1_2' title="bbox 126 336 1170 588">
     <span class='ocr_line' id='line_1_2' title="bbox 145 336 1170 420; baseline 0.006 -21"><span class='ocrx_word' id='word_1_5' title='bbox 145 396 146 399; x_wconf 74' lang='grc'>,</span> <span class='ocrx_word' id='word_1_6' title='bbox 211 338 241 400; x_wconf 83' lang='lat'><strong>2.</strong></span> <span class='ocrx_word' id='word_1_7' title='bbox 287 336 338 399; x_wconf 83' lang='lat' dir='ltr'><strong>Cn.</strong></span> <span class='ocrx_word' id='word_1_8' title='bbox 362 339 516 417; x_wconf 89' lang='lat' dir='ltr'><strong>Pompeius</strong></span> <span class='ocrx_word' id='word_1_9' title='bbox 542 342 571 401; x_wconf 89' lang='lat' dir='ltr'><strong>iu</strong></span> <span class='ocrx_word' id='word_1_10' title='bbox 600 340 789 420; x_wconf 80' lang='lat' dir='ltr'><strong>Cappadocia</strong></span> <span class='ocrx_word' id='word_1_11' title='bbox 817 341 908 418; x_wconf 80' lang='lat' dir='ltr'><strong>clegit</strong></span> <span class='ocrx_word' id='word_1_12' title='bbox 937 343 1041 402; x_wconf 86' lang='lat' dir='ltr'><strong>castris</strong></span> <span class='ocrx_word' id='word_1_13' title='bbox 1072 345 1170 405; x_wconf 91' lang='lat' dir='ltr'><strong>locum</strong></span> 
     </span>
     <span class='ocr_line' id='line_1_3' title="bbox 126 423 1170 505; baseline 0.008 -22"><span class='ocrx_word' id='word_1_14' title='bbox 126 424 248 492; x_wconf 87' lang='lat' dir='ltr'><strong>editum;</strong></span> <span class='ocrx_word' id='word_1_15' title='bbox 276 423 368 499; x_wconf 91' lang='lat' dir='ltr'><strong>unde,</strong></span> <span class='ocrx_word' id='word_1_16' title='bbox 397 423 551 484; x_wconf 90' lang='lat' dir='ltr'><strong>adiuvante</strong></span> <span class='ocrx_word' id='word_1_17' title='bbox 579 425 714 505; x_wconf 90' lang='lat' dir='ltr'><strong>proclivo</strong></span> <span class='ocrx_word' id='word_1_18' title='bbox 743 427 880 504; x_wconf 90' lang='lat' dir='ltr'><strong>impeturn</strong></span> <span class='ocrx_word' id='word_1_19' title='bbox 912 426 1050 503; x_wconf 89' lang='lat' dir='ltr'><strong>militurn,</strong></span> <span class='ocrx_word' id='word_1_20' title='bbox 1081 430 1170 491; x_wconf 86' lang='lat' dir='ltr'><strong>facile</strong></span> 
     </span>
     <span class='ocr_line' id='line_1_4' title="bbox 126 507 732 588; baseline 0.003 -22"><span class='ocrx_word' id='word_1_21' title='bbox 126 509 191 587; x_wconf 89' lang='lat' dir='ltr'><strong>ipso</strong></span> <span class='ocrx_word' id='word_1_22' title='bbox 214 508 339 568; x_wconf 87' lang='lat' dir='ltr'><strong>decursu</strong></span> <span class='ocrx_word' id='word_1_23' title='bbox 360 507 552 568; x_wconf 72' lang='lat' dir='ltr'>Mithridatem</span> <span class='ocrx_word' id='word_1_24' title='bbox 574 511 732 588; x_wconf 87' lang='lat' dir='ltr'><strong>superavit.</strong></span> 
     </span>
    </p>

    <p class='ocr_par' dir='ltr' id='par_1_3' title="bbox 124 589 1170 921">
     <span class='ocr_line' id='line_1_5' title="bbox 210 589 1170 666; baseline -0.001 -13"><span class='ocrx_word' id='word_1_25' title='bbox 210 593 238 653; x_wconf 87' lang='lat'><strong>3.</strong></span> <span class='ocrx_word' id='word_1_26' title='bbox 286 590 318 651; x_wconf 85' lang='lat' dir='ltr'><strong>C.</strong></span> <span class='ocrx_word' id='word_1_27' title='bbox 346 589 474 666; x_wconf 89' lang='lat' dir='ltr'><strong>Caesar,</strong></span> <span class='ocrx_word' id='word_1_28' title='bbox 508 594 648 654; x_wconf 90' lang='lat' dir='ltr'><strong>adversus</strong></span> <span class='ocrx_word' id='word_1_29' title='bbox 675 593 853 653; x_wconf 83' lang='lat' dir='ltr'><strong>Pharnacem</strong></span> <span class='ocrx_word' id='word_1_30' title='bbox 881 591 1054 653; x_wconf 84' lang='lat' dir='ltr'><strong>Mithridatis</strong></span> <span class='ocrx_word' id='word_1_31' title='bbox 1081 594 1170 655; x_wconf 87' lang='lat' dir='ltr'><strong>lilium</strong></span> 
     </span>
     <span class='ocr_line' id='line_1_6' title="bbox 125 675 1170 756; baseline -0.001 -19"><span class='ocrx_word' id='word_1_32' title='bbox 125 677 328 751; x_wconf 90' lang='lat' dir='ltr'><strong>dimicaturus,</strong></span> <span class='ocrx_word' id='word_1_33' title='bbox 352 676 381 733; x_wconf 93' lang='lat' dir='ltr'><strong>in</strong></span> <span class='ocrx_word' id='word_1_34' title='bbox 405 675 483 735; x_wconf 90' lang='lat' dir='ltr'><strong>colle</strong></span> <span class='ocrx_word' id='word_1_35' title='bbox 503 679 636 737; x_wconf 82' lang='lat' dir='ltr'><strong>instruxit</strong></span> <span class='ocrx_word' id='word_1_36' title='bbox 652 678 760 744; x_wconf 92' lang='lat' dir='ltr'><strong>aciem;</strong></span> <span class='ocrx_word' id='word_1_37' title='bbox 787 694 930 755; x_wconf 89' lang='lat' dir='ltr'><strong>quaeres</strong></span> <span class='ocrx_word' id='word_1_38' title='bbox 955 678 1121 756; x_wconf 78' lang='lat' dir='ltr'>expeditam</span> <span class='ocrx_word' id='word_1_39' title='bbox 1143 681 1170 739; x_wconf 88' lang='lat' dir='ltr'><strong>ci</strong></span> 
     </span>
     <span class='ocr_line' id='line_1_7' title="bbox 124 761 1169 840; baseline 0.001 -19"><span class='ocrx_word' id='word_1_40' title='bbox 124 761 197 822; x_wconf 90' lang='lat' dir='ltr'><strong>iecit</strong></span> <span class='ocrx_word' id='word_1_41' title='bbox 219 762 386 820; x_wconf 87' lang='lat' dir='ltr'><strong>victoriam:</strong></span> <span class='ocrx_word' id='word_1_42' title='bbox 415 778 480 819; x_wconf 91' lang='lat' dir='ltr'><strong>uam</strong></span> <span class='ocrx_word' id='word_1_43' title='bbox 501 762 577 840; x_wconf 91' lang='lat' dir='ltr'><strong>pila,</strong></span> <span class='ocrx_word' id='word_1_44' title='bbox 608 780 646 820; x_wconf 88' lang='lat' dir='ltr'><strong>ex</strong></span> <span class='ocrx_word' id='word_1_45' title='bbox 674 762 752 822; x_wconf 87' lang='lat' dir='ltr'><strong>edito</strong></span> <span class='ocrx_word' id='word_1_46' title='bbox 781 762 817 819; x_wconf 83' lang='lat' dir='ltr'><strong>in</strong></span> <span class='ocrx_word' id='word_1_47' title='bbox 838 761 996 820; x_wconf 91' lang='lat' dir='ltr'><strong>subeuntes</strong></span> <span class='ocrx_word' id='word_1_48' title='bbox 1025 761 1169 823; x_wconf 91' lang='lat' dir='ltr'><strong>barbaros</strong></span> 
     </span>
     <span class='ocr_line' id='line_1_8' title="bbox 127 846 676 921; baseline 0 -18"><span class='ocrx_word' id='word_1_49' title='bbox 127 847 250 920; x_wconf 90' lang='lat' dir='ltr'><strong>emissa,</strong></span> <span class='ocrx_word' id='word_1_50' title='bbox 273 846 404 921; x_wconf 92' lang='lat' dir='ltr'><strong>protinus</strong></span> <span class='ocrx_word' id='word_1_51' title='bbox 423 861 476 903; x_wconf 87' lang='lat' dir='ltr'><strong>eos</strong></span> <span class='ocrx_word' id='word_1_52' title='bbox 499 853 676 905; x_wconf 87' lang='lat' dir='ltr'><strong>averterunt.</strong></span> 
     </span>
    </p>

    <p class='ocr_par' dir='ltr' id='par_1_4' title="bbox 124 926 1170 1427">
     <span class='ocr_line' id='line_1_9' title="bbox 209 926 1169 1006; baseline 0 -17"><span class='ocrx_word' id='word_1_53' title='bbox 209 931 239 989; x_wconf 88' lang='grc'><strong>4.</strong></span> <span class='ocrx_word' id='word_1_54' title='bbox 284 927 434 1004; x_wconf 74' lang='lat' dir='ltr'>Lucullus,</span> <span class='ocrx_word' id='word_1_55' title='bbox 457 927 598 988; x_wconf 89' lang='lat' dir='ltr'><strong>adversus</strong></span> <span class='ocrx_word' id='word_1_56' title='bbox 619 928 813 988; x_wconf 76' lang='lat' dir='ltr'><strong>Mithridatem</strong></span> <span class='ocrx_word' id='word_1_57' title='bbox 836 937 865 987; x_wconf 86' lang='lat' dir='ltr'><strong>et</strong></span> <span class='ocrx_word' id='word_1_58' title='bbox 887 926 1043 1006; x_wconf 80' lang='lat' dir='ltr'><strong>Tigranem</strong></span> <span class='ocrx_word' id='word_1_59' title='bbox 1063 930 1092 989; x_wconf 92' lang='lat' dir='ltr'><strong>in</strong></span> <span class='ocrx_word' id='word_1_60' title='bbox 1115 929 1169 989; x_wconf 84' lang='lat' dir='ltr'><strong>Ar·</strong></span> 
     </span>
     <span class='ocr_line' id='line_1_10' title="bbox 124 1011 1170 1091; baseline -0.001 -18"><span class='ocrx_word' id='word_1_61' title='bbox 124 1016 219 1074; x_wconf 89' lang='lat' dir='ltr'><strong>menia</strong></span> <span class='ocrx_word' id='word_1_62' title='bbox 237 1016 347 1074; x_wconf 92' lang='lat' dir='ltr'><strong>maiore</strong></span> <span class='ocrx_word' id='word_1_63' title='bbox 366 1011 441 1090; x_wconf 93' lang='lat' dir='ltr'><strong>apud</strong></span> <span class='ocrx_word' id='word_1_64' title='bbox 459 1012 698 1090; x_wconf 84' lang='lat' dir='ltr'><strong>Tigranocertam</strong></span> <span class='ocrx_word' id='word_1_65' title='bbox 716 1013 920 1085; x_wconf 91' lang='lat' dir='ltr'><strong>dimicaturus,</strong></span> <span class='ocrx_word' id='word_1_66' title='bbox 939 1013 1025 1073; x_wconf 92' lang='lat' dir='ltr'><strong>collis</strong></span> <span class='ocrx_word' id='word_1_67' title='bbox 1045 1016 1170 1091; x_wconf 84' lang='lat' dir='ltr'><strong>proximi</strong></span> 
     </span>
     <span class='ocr_line' id='line_1_11' title="bbox 125 1097 1169 1179; baseline -0.001 -21"><span class='ocrx_word' id='word_1_68' title='bbox 125 1100 241 1179; x_wconf 91' lang='lat' dir='ltr'><strong>planum</strong></span> <span class='ocrx_word' id='word_1_69' title='bbox 260 1099 400 1158; x_wconf 90' lang='lat' dir='ltr'><strong>verticem</strong></span> <span class='ocrx_word' id='word_1_70' title='bbox 416 1099 518 1175; x_wconf 90' lang='lat' dir='ltr'><strong>raptim</strong></span> <span class='ocrx_word' id='word_1_71' title='bbox 536 1115 599 1157; x_wconf 85' lang='lat' dir='ltr'><strong>curn</strong></span> <span class='ocrx_word' id='word_1_72' title='bbox 618 1098 766 1175; x_wconf 90' lang='lat' dir='ltr'><strong>copiarum</strong></span> <span class='ocrx_word' id='word_1_73' title='bbox 784 1106 867 1175; x_wconf 87' lang='lat' dir='ltr'><strong>parte</strong></span> <span class='ocrx_word' id='word_1_74' title='bbox 887 1097 1026 1176; x_wconf 89' lang='lat' dir='ltr'><strong>adeptus,</strong></span> <span class='ocrx_word' id='word_1_75' title='bbox 1051 1100 1081 1156; x_wconf 88' lang='lat' dir='ltr'><strong>in</strong></span> <span class='ocrx_word' id='word_1_76' title='bbox 1101 1099 1169 1157; x_wconf 93' lang='lat' dir='ltr'><strong>sub·</strong></span> 
     </span>
     <span class='ocr_line' id='line_1_12' title="bbox 125 1182 1168 1259; baseline -0.001 -16"><span class='ocrx_word' id='word_1_77' title='bbox 125 1186 220 1244; x_wconf 88' lang='lat' dir='ltr'><strong>iectos</strong></span> <span class='ocrx_word' id='word_1_78' title='bbox 241 1185 342 1244; x_wconf 89' lang='lat' dir='ltr'><strong>hostes</strong></span> <span class='ocrx_word' id='word_1_79' title='bbox 365 1182 530 1242; x_wconf 85' lang='lat' dir='ltr'><strong>decucurrit</strong></span> <span class='ocrx_word' id='word_1_80' title='bbox 552 1191 582 1241; x_wconf 92' lang='lat' dir='ltr'><strong>et</strong></span> <span class='ocrx_word' id='word_1_81' title='bbox 599 1183 756 1259; x_wconf 89' lang='lat' dir='ltr'><strong>equitatum</strong></span> <span class='ocrx_word' id='word_1_82' title='bbox 778 1198 879 1240; x_wconf 92' lang='lat' dir='ltr'><strong>eorum</strong></span> <span class='ocrx_word' id='word_1_83' title='bbox 898 1200 914 1241; x_wconf 95' lang='lat' dir='ltr'><strong>a</strong></span> <span class='ocrx_word' id='word_1_84' title='bbox 937 1182 1030 1241; x_wconf 89' lang='lat' dir='ltr'><strong>latere</strong></span> <span class='ocrx_word' id='word_1_85' title='bbox 1053 1184 1168 1258; x_wconf 91' lang='lat' dir='ltr'><strong>invasit,</strong></span> 
     </span>
     <span class='ocr_line' id='line_1_13' title="bbox 125 1265 1168 1348; baseline -0.001 -20"><span class='ocrx_word' id='word_1_86' title='bbox 125 1287 319 1348; x_wconf 85' lang='lat' dir='ltr'><strong>aversumque</strong></span> <span class='ocrx_word' id='word_1_87' title='bbox 342 1275 371 1326; x_wconf 89' lang='lat' dir='ltr'><strong>et</strong></span> <span class='ocrx_word' id='word_1_88' title='bbox 394 1267 561 1326; x_wconf 90' lang='lat' dir='ltr'><strong>eorumdem</strong></span> <span class='ocrx_word' id='word_1_89' title='bbox 580 1275 692 1343; x_wconf 90' lang='lat' dir='ltr'><strong>partem</strong></span> <span class='ocrx_word' id='word_1_90' title='bbox 707 1265 835 1343; x_wconf 90' lang='lat' dir='ltr'><strong>peditum</strong></span> <span class='ocrx_word' id='word_1_91' title='bbox 856 1265 1074 1343; x_wconf 88' lang='lat' dir='ltr'><strong>proturbantem</strong></span> <span class='ocrx_word' id='word_1_92' title='bbox 1093 1268 1168 1327; x_wconf 89' lang='lat' dir='ltr'><strong>inse-</strong></span> 
     </span>
     <span class='ocr_line' id='line_1_14' title="bbox 127 1349 738 1427; baseline -0.007 -15"><span class='ocrx_word' id='word_1_93' title='bbox 127 1361 226 1427; x_wconf 90' lang='lat' dir='ltr'><strong>cutus,</strong></span> <span class='ocrx_word' id='word_1_94' title='bbox 249 1352 439 1412; x_wconf 90' lang='lat' dir='ltr'><strong>clarissimam</strong></span> <span class='ocrx_word' id='word_1_95' title='bbox 461 1352 614 1409; x_wconf 90' lang='lat' dir='ltr'><strong>victoriam</strong></span> <span class='ocrx_word' id='word_1_96' title='bbox 630 1349 738 1409; x_wconf 89' lang='lat' dir='ltr'><strong>retulit.</strong></span> 
     </span>
    </p>

    <p class='ocr_par' dir='ltr' id='par_1_5' title="bbox 72 1433 1170 1916">
     <span class='ocr_line' id='line_1_15' title="bbox 212 1433 1167 1512; baseline 0.001 -18"><span class='ocrx_word' id='word_1_97' title='bbox 212 1437 242 1494; x_wconf 83' lang='lat'><strong>5.</strong></span> <span class='ocrx_word' id='word_1_98' title='bbox 285 1434 437 1493; x_wconf 86' lang='lat' dir='ltr'><strong>Ventidius</strong></span> <span class='ocrx_word' id='word_1_99' title='bbox 455 1434 595 1494; x_wconf 85' lang='lat' dir='ltr'><strong>adversus</strong></span> <span class='ocrx_word' id='word_1_100' title='bbox 614 1434 736 1493; x_wconf 92' lang='lat' dir='ltr'><strong>Parthos</strong></span> <span class='ocrx_word' id='word_1_101' title='bbox 758 1442 900 1492; x_wconf 82' lang='lat' dir='ltr'><strong>nonanta</strong></span> <span class='ocrx_word' id='word_1_102' title='bbox 920 1433 1040 1493; x_wconf 92' lang='lat' dir='ltr'><strong>militem</strong></span> <span class='ocrx_word' id='word_1_103' title='bbox 1056 1436 1167 1512; x_wconf 86' lang='lat' dir='ltr'><strong>eduxit,</strong></span> 
     </span>
     <span class='ocr_line' id='line_1_16' title="bbox 126 1516 1169 1598; baseline 0.001 -19"><span class='ocrx_word' id='word_1_104' title='bbox 126 1537 211 1598; x_wconf 91' lang='lat' dir='ltr'><strong>quam</strong></span> <span class='ocrx_word' id='word_1_105' title='bbox 233 1519 276 1578; x_wconf 95' lang='lat' dir='ltr'><strong>illi</strong></span> <span class='ocrx_word' id='word_1_106' title='bbox 295 1518 459 1596; x_wconf 87' lang='lat' dir='ltr'><strong>quingentis</strong></span> <span class='ocrx_word' id='word_1_107' title='bbox 474 1534 532 1576; x_wconf 91' lang='lat' dir='ltr'><strong>uon</strong></span> <span class='ocrx_word' id='word_1_108' title='bbox 549 1516 673 1594; x_wconf 87' lang='lat' dir='ltr'><strong>amplius</strong></span> <span class='ocrx_word' id='word_1_109' title='bbox 690 1516 825 1594; x_wconf 89' lang='lat' dir='ltr'><strong>passibus</strong></span> <span class='ocrx_word' id='word_1_110' title='bbox 846 1517 1000 1587; x_wconf 88' lang='lat' dir='ltr'><strong>abessent;</strong></span> <span class='ocrx_word' id='word_1_111' title='bbox 1026 1529 1114 1598; x_wconf 90' lang='lat' dir='ltr'><strong>atque</strong></span> <span class='ocrx_word' id='word_1_112' title='bbox 1132 1521 1169 1580; x_wconf 88' lang='lat' dir='ltr'><strong>ita</strong></span> 
     </span>
     <span class='ocr_line' id='line_1_17' title="bbox 125 1600 1170 1682; baseline 0 -20"><span class='ocrx_word' id='word_1_113' title='bbox 125 1604 319 1682; x_wconf 84' lang='lat' dir='ltr'><strong>procursione</strong></span> <span class='ocrx_word' id='word_1_114' title='bbox 344 1600 439 1659; x_wconf 89' lang='lat' dir='ltr'><strong>subita</strong></span> <span class='ocrx_word' id='word_1_115' title='bbox 461 1601 535 1660; x_wconf 91' lang='lat' dir='ltr'><strong>adeo</strong></span> <span class='ocrx_word' id='word_1_116' title='bbox 560 1619 593 1659; x_wconf 89' lang='lat' dir='ltr'><strong>sc</strong></span> <span class='ocrx_word' id='word_1_117' title='bbox 615 1601 756 1675; x_wconf 92' lang='lat' dir='ltr'><strong>admovit,</strong></span> <span class='ocrx_word' id='word_1_118' title='bbox 786 1610 816 1659; x_wconf 94' lang='lat' dir='ltr'><strong>ut</strong></span> <span class='ocrx_word' id='word_1_119' title='bbox 836 1603 974 1679; x_wconf 82' lang='lat' dir='ltr'><strong>sagittas,</strong></span> <span class='ocrx_word' id='word_1_120' title='bbox 1003 1603 1110 1680; x_wconf 88' lang='lat' dir='ltr'><strong>quibus</strong></span> <span class='ocrx_word' id='word_1_121' title='bbox 1133 1622 1170 1666; x_wconf 82' lang='lat' dir='ltr'><strong>cx</strong></span> 
     </span>
     <span class='ocr_line' id='line_1_18' title="bbox 72 1685 1168 1764; baseline -0.001 -17"><span class='ocrx_word' id='word_1_122' title='bbox 72 1720 75 1724; x_wconf 21' lang='grc' dir='ltr'><strong><em>ι</em></strong></span> <span class='ocrx_word' id='word_1_123' title='bbox 125 1688 284 1764; x_wconf 87' lang='lat' dir='ltr'><strong>longinquo</strong></span> <span class='ocrx_word' id='word_1_124' title='bbox 308 1702 377 1744; x_wconf 89' lang='lat' dir='ltr'><strong>usus</strong></span> <span class='ocrx_word' id='word_1_125' title='bbox 400 1692 461 1760; x_wconf 89' lang='lat' dir='ltr'><strong>est,</strong></span> <span class='ocrx_word' id='word_1_126' title='bbox 489 1687 647 1744; x_wconf 91' lang='lat' dir='ltr'><strong>comminus</strong></span> <span class='ocrx_word' id='word_1_127' title='bbox 669 1685 824 1763; x_wconf 92' lang='lat' dir='ltr'><strong>adplicitus</strong></span> <span class='ocrx_word' id='word_1_128' title='bbox 848 1686 997 1746; x_wconf 83' lang='lat' dir='ltr'><strong>eluderet:</strong></span> <span class='ocrx_word' id='word_1_129' title='bbox 1020 1705 1079 1764; x_wconf 91' lang='lat' dir='ltr'><strong>quo</strong></span> <span class='ocrx_word' id='word_1_130' title='bbox 1101 1705 1168 1748; x_wconf 93' lang='lat' dir='ltr'><strong>con·</strong></span> 
     </span>
     <span class='ocr_line' id='line_1_19' title="bbox 125 1768 1168 1850; baseline 0.002 -20"><span class='ocrx_word' id='word_1_131' title='bbox 125 1772 208 1846; x_wconf 88' lang='lat' dir='ltr'><strong>silio,</strong></span> <span class='ocrx_word' id='word_1_132' title='bbox 233 1771 300 1850; x_wconf 87' lang='lat' dir='ltr'><strong>quia</strong></span> <span class='ocrx_word' id='word_1_133' title='bbox 323 1768 473 1847; x_wconf 92' lang='lat' dir='ltr'><strong>quamdam</strong></span> <span class='ocrx_word' id='word_1_134' title='bbox 495 1770 618 1829; x_wconf 90' lang='lat' dir='ltr'><strong>iiduciae</strong></span> <span class='ocrx_word' id='word_1_135' title='bbox 634 1771 718 1830; x_wconf 88' lang='lat' dir='ltr'><strong>etiam</strong></span> <span class='ocrx_word' id='word_1_136' title='bbox 739 1769 869 1848; x_wconf 86' lang='lat' dir='ltr'><strong>speciem</strong></span> <span class='ocrx_word' id='word_1_137' title='bbox 883 1779 1168 1849; x_wconf 86' lang='lat' dir='ltr'><strong>ostentaverat,·cc·</strong></span> 
     </span>
     <span class='ocr_line' id='line_1_20' title="bbox 125 1854 580 1916; baseline -0.007 0"><span class='ocrx_word' id='word_1_138' title='bbox 125 1856 227 1916; x_wconf 90' lang='lat' dir='ltr'><strong>leriter</strong></span> <span class='ocrx_word' id='word_1_139' title='bbox 248 1854 391 1915; x_wconf 91' lang='lat' dir='ltr'><strong>barbaros</strong></span> <span class='ocrx_word' id='word_1_140' title='bbox 412 1854 580 1914; x_wconf 91' lang='lat' dir='ltr'><strong>debellavit.</strong></span> 
     </span>
    </p>

    <p class='ocr_par' dir='ltr' id='par_1_6' title="bbox 87 1938 1168 2187">
     <span class='ocr_line' id='line_1_21' title="bbox 210 1938 1168 2019; baseline -0.002 -17"><span class='ocrx_word' id='word_1_141' title='bbox 210 1941 239 2002; x_wconf 89' lang='grc'><strong>6.</strong></span> <span class='ocrx_word' id='word_1_142' title='bbox 283 1938 440 2015; x_wconf 86' lang='lat' dir='ltr'><strong>Hannibal,</strong></span> <span class='ocrx_word' id='word_1_143' title='bbox 464 1939 540 2017; x_wconf 89' lang='lat' dir='ltr'><strong>apud</strong></span> <span class='ocrx_word' id='word_1_144' title='bbox 562 1939 776 1998; x_wconf 89' lang='lat' dir='ltr'><strong>Numistronem</strong></span> <span class='ocrx_word' id='word_1_145' title='bbox 801 1946 901 1998; x_wconf 88' lang='lat' dir='ltr'><strong>contra</strong></span> <span class='ocrx_word' id='word_1_146' title='bbox 924 1938 1096 1999; x_wconf 89' lang='lat' dir='ltr'><strong>blarcellum</strong></span> <span class='ocrx_word' id='word_1_147' title='bbox 1118 1959 1168 2019; x_wconf 95' lang='lat' dir='ltr'><strong>pu·</strong></span> 
     </span>
     <span class='ocr_line' id='line_1_22' title="bbox 87 2022 1168 2103; baseline -0.001 -18"><span class='ocrx_word' id='word_1_148' title='bbox 87 2074 88 2078; x_wconf 65' lang='lat'><strong>,</strong></span> <span class='ocrx_word' id='word_1_149' title='bbox 126 2034 280 2102; x_wconf 85' lang='lat' dir='ltr'><strong>gnaturus,</strong></span> <span class='ocrx_word' id='word_1_150' title='bbox 303 2042 391 2084; x_wconf 89' lang='lat' dir='ltr'><strong>cavas</strong></span> <span class='ocrx_word' id='word_1_151' title='bbox 415 2033 443 2083; x_wconf 89' lang='lat' dir='ltr'><strong>ct</strong></span> <span class='ocrx_word' id='word_1_152' title='bbox 466 2033 637 2103; x_wconf 89' lang='lat' dir='ltr'><strong>praeruptas</strong></span> <span class='ocrx_word' id='word_1_153' title='bbox 659 2024 720 2082; x_wconf 91' lang='lat' dir='ltr'><strong>vias</strong></span> <span class='ocrx_word' id='word_1_154' title='bbox 743 2023 852 2082; x_wconf 92' lang='lat' dir='ltr'><strong>obiecit</strong></span> <span class='ocrx_word' id='word_1_155' title='bbox 875 2022 1019 2092; x_wconf 86' lang='lat' dir='ltr'><strong>alatere;</strong></span> <span class='ocrx_word' id='word_1_156' title='bbox 1045 2025 1168 2103; x_wconf 93' lang='lat' dir='ltr'><strong>ipsaque</strong></span> 
     </span>
     <span class='ocr_line' id='line_1_23' title="bbox 126 2107 1147 2187; baseline -0.003 -17"><span class='ocrx_word' id='word_1_157' title='bbox 126 2110 186 2170; x_wconf 92' lang='lat' dir='ltr'><strong>loci</strong></span> <span class='ocrx_word' id='word_1_158' title='bbox 208 2120 308 2170; x_wconf 88' lang='lat' dir='ltr'><strong>natura</strong></span> <span class='ocrx_word' id='word_1_159' title='bbox 334 2125 388 2187; x_wconf 89' lang='lat' dir='ltr'><strong>pro</strong></span> <span class='ocrx_word' id='word_1_160' title='bbox 410 2110 592 2167; x_wconf 90' lang='lat' dir='ltr'><strong>munimentis</strong></span> <span class='ocrx_word' id='word_1_161' title='bbox 617 2126 703 2181; x_wconf 94' lang='lat' dir='ltr'><strong>usus,</strong></span> <span class='ocrx_word' id='word_1_162' title='bbox 728 2107 918 2167; x_wconf 90' lang='lat' dir='ltr'><strong>clarissimum</strong></span> <span class='ocrx_word' id='word_1_163' title='bbox 939 2107 1043 2167; x_wconf 87' lang='lat' dir='ltr'><strong>ducem</strong></span> <span class='ocrx_word' id='word_1_164' title='bbox 1068 2111 1147 2169; x_wconf 91' lang='lat' dir='ltr'><strong>vicit.</strong></span> 
     </span>
    </p>

    <p class='ocr_par' dir='ltr' id='par_1_7' title="bbox 50 2191 1169 2690">
     <span class='ocr_line' id='line_1_24' title="bbox 212 2191 1167 2272; baseline -0.002 -17"><span class='ocrx_word' id='word_1_165' title='bbox 212 2198 240 2255; x_wconf 88' lang='lat'><strong>7.</strong></span> <span class='ocrx_word' id='word_1_166' title='bbox 285 2192 365 2252; x_wconf 92' lang='lat' dir='ltr'><strong>ldem</strong></span> <span class='ocrx_word' id='word_1_167' title='bbox 376 2193 451 2271; x_wconf 93' lang='lat' dir='ltr'><strong>apud</strong></span> <span class='ocrx_word' id='word_1_168' title='bbox 461 2191 584 2268; x_wconf 88' lang='lat' dir='ltr'><strong>Cannas,</strong></span> <span class='ocrx_word' id='word_1_169' title='bbox 597 2209 662 2250; x_wconf 93' lang='lat' dir='ltr'><strong>cum</strong></span> <span class='ocrx_word' id='word_1_170' title='bbox 679 2192 883 2269; x_wconf 82' lang='lat' dir='ltr'><strong>corruperisset,</strong></span> <span class='ocrx_word' id='word_1_171' title='bbox 892 2191 1036 2251; x_wconf 90' lang='lat' dir='ltr'><strong>Volturno</strong></span> <span class='ocrx_word' id='word_1_172' title='bbox 1047 2193 1167 2272; x_wconf 88' lang='lat' dir='ltr'><strong>(vento)</strong></span> 
     </span>
     <span class='ocr_line' id='line_1_25' title="bbox 50 2275 1168 2356; baseline 0 -19"><span class='ocrx_word' id='word_1_173' title='bbox 50 2351 53 2356; x_wconf 19' lang='grc' dir='ltr'>Ι</span> <span class='ocrx_word' id='word_1_174' title='bbox 77 2341 81 2347; x_wconf 57' lang='grc'>,</span> <span class='ocrx_word' id='word_1_175' title='bbox 130 2277 296 2354; x_wconf 82' lang='lat' dir='ltr'><strong>Vergellum</strong></span> <span class='ocrx_word' id='word_1_176' title='bbox 322 2294 433 2335; x_wconf 90' lang='lat' dir='ltr'><strong>amnem</strong></span> <span class='ocrx_word' id='word_1_177' title='bbox 456 2277 530 2336; x_wconf 94' lang='lat' dir='ltr'><strong>ultra</strong></span> <span class='ocrx_word' id='word_1_178' title='bbox 552 2276 730 2354; x_wconf 87' lang='lat' dir='ltr'><strong>reliquorum</strong></span> <span class='ocrx_word' id='word_1_179' title='bbox 752 2285 881 2335; x_wconf 90' lang='lat' dir='ltr'><strong>naturam</strong></span> <span class='ocrx_word' id='word_1_180' title='bbox 904 2275 1048 2335; x_wconf 89' lang='lat' dir='ltr'><strong>lluminum</strong></span> <span class='ocrx_word' id='word_1_181' title='bbox 1070 2279 1168 2354; x_wconf 84' lang='lat' dir='ltr'><strong>ingen·</strong></span> 
     </span>
     <span class='ocr_line' id='line_1_26' title="bbox 66 2359 1168 2438; baseline 0.001 -17"><span class='ocrx_word' id='word_1_182' title='bbox 66 2385 77 2437; x_wconf 63' lang='lat' dir='ltr'><em>g</em></span> <span class='ocrx_word' id='word_1_183' title='bbox 126 2370 172 2421; x_wconf 86' lang='lat' dir='ltr'><strong>tes</strong></span> <span class='ocrx_word' id='word_1_184' title='bbox 195 2379 279 2419; x_wconf 91' lang='lat' dir='ltr'><strong>auras</strong></span> <span class='ocrx_word' id='word_1_185' title='bbox 297 2377 381 2418; x_wconf 90' lang='lat' dir='ltr'><strong>mane</strong></span> <span class='ocrx_word' id='word_1_186' title='bbox 402 2359 546 2437; x_wconf 88' lang='lat' dir='ltr'><strong>proilare,</strong></span> <span class='ocrx_word' id='word_1_187' title='bbox 572 2378 645 2437; x_wconf 88' lang='lat' dir='ltr'><strong>quae</strong></span> <span class='ocrx_word' id='word_1_188' title='bbox 666 2378 818 2420; x_wconf 90' lang='lat' dir='ltr'><strong>arenarum</strong></span> <span class='ocrx_word' id='word_1_189' title='bbox 840 2369 870 2419; x_wconf 91' lang='lat' dir='ltr'><strong>et</strong></span> <span class='ocrx_word' id='word_1_190' title='bbox 891 2359 1020 2438; x_wconf 84' lang='lat' dir='ltr'><strong>pulveris</strong></span> <span class='ocrx_word' id='word_1_191' title='bbox 1041 2363 1168 2422; x_wconf 86' lang='lat' dir='ltr'><strong>vertices</strong></span> 
     </span>
     <span class='ocr_line' id='line_1_27' title="bbox 57 2443 1168 2522; baseline 0 -17"><span class='ocrx_word' id='word_1_192' title='bbox 57 2463 64 2469; x_wconf 86' lang='lat'><em>·</em></span> <span class='ocrx_word' id='word_1_193' title='bbox 127 2453 265 2522; x_wconf 81' lang='lat' dir='ltr'><strong>agerent,</strong></span> <span class='ocrx_word' id='word_1_194' title='bbox 289 2445 332 2502; x_wconf 90' lang='lat' dir='ltr'><strong>sic</strong></span> <span class='ocrx_word' id='word_1_195' title='bbox 354 2443 461 2502; x_wconf 85' lang='lat' dir='ltr'><strong>direxit</strong></span> <span class='ocrx_word' id='word_1_196' title='bbox 481 2445 590 2519; x_wconf 89' lang='lat' dir='ltr'><strong>aciem,</strong></span> <span class='ocrx_word' id='word_1_197' title='bbox 620 2452 650 2502; x_wconf 92' lang='lat' dir='ltr'><strong>ut</strong></span> <span class='ocrx_word' id='word_1_198' title='bbox 669 2453 729 2504; x_wconf 89' lang='lat' dir='ltr'><strong>tota</strong></span> <span class='ocrx_word' id='word_1_199' title='bbox 750 2446 795 2503; x_wconf 88' lang='lat' dir='ltr'><strong>vis</strong></span> <span class='ocrx_word' id='word_1_200' title='bbox 814 2463 831 2503; x_wconf 92' lang='lat' dir='ltr'><strong>a</strong></span> <span class='ocrx_word' id='word_1_201' title='bbox 854 2453 939 2521; x_wconf 86' lang='lat' dir='ltr'><strong>tergo</strong></span> <span class='ocrx_word' id='word_1_202' title='bbox 963 2446 1042 2520; x_wconf 91' lang='lat' dir='ltr'><strong>suis,</strong></span> <span class='ocrx_word' id='word_1_203' title='bbox 1065 2444 1168 2505; x_wconf 90' lang='lat' dir='ltr'><strong>Roma-</strong></span> 
     </span>
     <span class='ocr_line' id='line_1_28' title="bbox 126 2526 1169 2600; baseline -0.002 -12"><span class='ocrx_word' id='word_1_204' title='bbox 126 2531 171 2588; x_wconf 92' lang='lat' dir='ltr'><strong>nis</strong></span> <span class='ocrx_word' id='word_1_205' title='bbox 187 2531 215 2588; x_wconf 94' lang='lat' dir='ltr'><strong>in</strong></span> <span class='ocrx_word' id='word_1_206' title='bbox 232 2546 284 2588; x_wconf 92' lang='lat' dir='ltr'><strong>ora</strong></span> <span class='ocrx_word' id='word_1_207' title='bbox 299 2535 328 2586; x_wconf 92' lang='lat' dir='ltr'><strong>et</strong></span> <span class='ocrx_word' id='word_1_208' title='bbox 349 2526 452 2587; x_wconf 93' lang='lat' dir='ltr'><strong>oculos</strong></span> <span class='ocrx_word' id='word_1_209' title='bbox 468 2528 618 2587; x_wconf 86' lang='lat' dir='ltr'><strong>incideret.</strong></span> <span class='ocrx_word' id='word_1_210' title='bbox 664 2526 776 2600; x_wconf 83' lang='lat' dir='ltr'><strong>Quibus</strong></span> <span class='ocrx_word' id='word_1_211' title='bbox 793 2529 983 2588; x_wconf 89' lang='lat' dir='ltr'><strong>incommodis</strong></span> <span class='ocrx_word' id='word_1_212' title='bbox 1003 2531 1076 2589; x_wconf 92' lang='lat' dir='ltr'><strong>mire</strong></span> <span class='ocrx_word' id='word_1_213' title='bbox 1094 2530 1169 2592; x_wconf 89' lang='lat' dir='ltr'><strong>hosti</strong></span> 
     </span>
     <span class='ocr_line' id='line_1_29' title="bbox 128 2610 1107 2690; baseline 0.002 -18"><span class='ocrx_word' id='word_1_214' title='bbox 128 2612 364 2685; x_wconf 84' lang='lat' dir='ltr'><strong>adversantibus,</strong></span> <span class='ocrx_word' id='word_1_215' title='bbox 388 2611 466 2670; x_wconf 94' lang='lat' dir='ltr'><strong>illam</strong></span> <span class='ocrx_word' id='word_1_216' title='bbox 488 2610 707 2671; x_wconf 87' lang='lat' dir='ltr'><strong>memorabilem</strong></span> <span class='ocrx_word' id='word_1_217' title='bbox 729 2613 853 2690; x_wconf 89' lang='lat' dir='ltr'><strong>adeptus</strong></span> <span class='ocrx_word' id='word_1_218' title='bbox 877 2622 922 2672; x_wconf 89' lang='lat' dir='ltr'><strong>cst</strong></span> <span class='ocrx_word' id='word_1_219' title='bbox 944 2615 1107 2674; x_wconf 89' lang='lat' dir='ltr'><strong>victoriam.</strong></span> 
     </span>
    </p>

    <p class='ocr_par' dir='ltr' id='par_1_8' title="bbox 59 2694 1169 3280">
     <span class='ocr_line' id='line_1_30' title="bbox 213 2694 1169 2772; baseline 0.002 -16"><span class='ocrx_word' id='word_1_220' title='bbox 213 2696 241 2756; x_wconf 89' lang='lat'><strong>8.</strong></span> <span class='ocrx_word' id='word_1_221' title='bbox 286 2694 410 2772; x_wconf 85' lang='lat' dir='ltr'><strong>Marius,</strong></span> <span class='ocrx_word' id='word_1_222' title='bbox 439 2694 580 2755; x_wconf 90' lang='lat' dir='ltr'><strong>adversus</strong></span> <span class='ocrx_word' id='word_1_223' title='bbox 609 2695 744 2756; x_wconf 83' lang='lat' dir='ltr'><strong>Cimbros</strong></span> <span class='ocrx_word' id='word_1_224' title='bbox 777 2706 806 2756; x_wconf 90' lang='lat' dir='ltr'><strong>et</strong></span> <span class='ocrx_word' id='word_1_225' title='bbox 836 2695 985 2757; x_wconf 86' lang='lat' dir='ltr'><strong>Teutonos</strong></span> <span class='ocrx_word' id='word_1_226' title='bbox 1014 2701 1169 2758; x_wconf 86' lang='lat' dir='ltr'><strong>constituta</strong></span> 
     </span>
     <span class='ocr_line' id='line_1_31' title="bbox 59 2779 1169 2859; baseline 0.002 -19"><span class='ocrx_word' id='word_1_227' title='bbox 59 2854 63 2859; x_wconf 20' lang='grc' dir='ltr'>ι</span> <span class='ocrx_word' id='word_1_228' title='bbox 105 2781 175 2841; x_wconf 65' lang='grc' dir='ltr'><strong>4(Ιῑο</strong></span> <span class='ocrx_word' id='word_1_229' title='bbox 196 2789 390 2859; x_wconf 84' lang='lat' dir='ltr'><strong>pugnaturus,</strong></span> <span class='ocrx_word' id='word_1_230' title='bbox 421 2779 561 2844; x_wconf 89' lang='lat' dir='ltr'><strong>lirmatum</strong></span> <span class='ocrx_word' id='word_1_231' title='bbox 589 2780 655 2840; x_wconf 90' lang='lat' dir='ltr'><strong>cibo</strong></span> <span class='ocrx_word' id='word_1_232' title='bbox 678 2781 797 2840; x_wconf 90' lang='lat' dir='ltr'><strong>militem</strong></span> <span class='ocrx_word' id='word_1_233' title='bbox 827 2790 893 2840; x_wconf 90' lang='lat' dir='ltr'><strong>ante</strong></span> <span class='ocrx_word' id='word_1_234' title='bbox 915 2791 1010 2842; x_wconf 91' lang='lat' dir='ltr'><strong>castra</strong></span> <span class='ocrx_word' id='word_1_235' title='bbox 1033 2784 1169 2844; x_wconf 92' lang='lat' dir='ltr'><strong>conloca·</strong></span> 
     </span>
     <span class='ocr_line' id='line_1_32' title="bbox 127 2863 1169 2943; baseline 0.002 -19"><span class='ocrx_word' id='word_1_236' title='bbox 127 2866 185 2940; x_wconf 88' lang='lat' dir='ltr'><strong>vit,</strong></span> <span class='ocrx_word' id='word_1_237' title='bbox 216 2873 245 2923; x_wconf 94' lang='lat' dir='ltr'><strong>ut</strong></span> <span class='ocrx_word' id='word_1_238' title='bbox 275 2881 329 2942; x_wconf 90' lang='lat' dir='ltr'><strong>per</strong></span> <span class='ocrx_word' id='word_1_239' title='bbox 353 2863 527 2942; x_wconf 87' lang='lat' dir='ltr'><strong>aliquantum</strong></span> <span class='ocrx_word' id='word_1_240' title='bbox 550 2865 652 2943; x_wconf 90' lang='lat' dir='ltr'><strong>spatii,</strong></span> <span class='ocrx_word' id='word_1_241' title='bbox 685 2882 741 2942; x_wconf 88' lang='lat' dir='ltr'><strong>quo</strong></span> <span class='ocrx_word' id='word_1_242' title='bbox 771 2865 931 2925; x_wconf 87' lang='lat' dir='ltr'><strong>adversarii</strong></span> <span class='ocrx_word' id='word_1_243' title='bbox 952 2866 1169 2940; x_wconf 88' lang='lat' dir='ltr'><strong>dirimebantur,</strong></span> 
     </span>
     <span class='ocr_line' id='line_1_33' title="bbox 129 2947 1168 3029; baseline 0.003 -22"><span class='ocrx_word' id='word_1_244' title='bbox 129 2950 276 3008; x_wconf 87' lang='lat' dir='ltr'><strong>exercitus</strong></span> <span class='ocrx_word' id='word_1_245' title='bbox 296 2947 419 3006; x_wconf 90' lang='lat' dir='ltr'><strong>hostium</strong></span> <span class='ocrx_word' id='word_1_246' title='bbox 441 2951 537 3026; x_wconf 92' lang='lat' dir='ltr'><strong>potius</strong></span> <span class='ocrx_word' id='word_1_247' title='bbox 558 2948 660 3009; x_wconf 94' lang='lat' dir='ltr'><strong>labore</strong></span> <span class='ocrx_word' id='word_1_248' title='bbox 684 2950 795 3008; x_wconf 91' lang='lat' dir='ltr'><strong>itineris</strong></span> <span class='ocrx_word' id='word_1_249' title='bbox 821 2948 1045 3026; x_wconf 85' lang='lat' dir='ltr'><strong>profligaretur:</strong></span> <span class='ocrx_word' id='word_1_250' title='bbox 1067 2951 1168 3029; x_wconf 84' lang='lat' dir='ltr'><strong>latiga-</strong></span> 
     </span>
     <span class='ocr_line' id='line_1_34' title="bbox 128 3032 1169 3110; baseline 0.002 -19"><span class='ocrx_word' id='word_1_251' title='bbox 128 3035 199 3091; x_wconf 91' lang='lat' dir='ltr'><strong>tioni</strong></span> <span class='ocrx_word' id='word_1_252' title='bbox 228 3032 332 3092; x_wconf 92' lang='lat' dir='ltr'><strong>deinde</strong></span> <span class='ocrx_word' id='word_1_253' title='bbox 360 3050 460 3091; x_wconf 90' lang='lat' dir='ltr'><strong>eorum</strong></span> <span class='ocrx_word' id='word_1_254' title='bbox 486 3033 699 3093; x_wconf 88' lang='lat' dir='ltr'><strong>incommodum</strong></span> <span class='ocrx_word' id='word_1_255' title='bbox 721 3033 798 3093; x_wconf 91' lang='lat' dir='ltr'><strong>aliud</strong></span> <span class='ocrx_word' id='word_1_256' title='bbox 822 3032 945 3110; x_wconf 90' lang='lat' dir='ltr'><strong>obiecit,</strong></span> <span class='ocrx_word' id='word_1_257' title='bbox 977 3036 1016 3094; x_wconf 93' lang='lat' dir='ltr'><strong>ita</strong></span> <span class='ocrx_word' id='word_1_258' title='bbox 1039 3037 1169 3096; x_wconf 90' lang='lat' dir='ltr'><strong>ordinata</strong></span> 
     </span>
     <span class='ocr_line' id='line_1_35' title="bbox 129 3117 1169 3196; baseline 0.003 -21"><span class='ocrx_word' id='word_1_259' title='bbox 129 3117 210 3190; x_wconf 88' lang='lat' dir='ltr'><strong>acie,</strong></span> <span class='ocrx_word' id='word_1_260' title='bbox 232 3125 263 3175; x_wconf 92' lang='lat' dir='ltr'><strong>ut</strong></span> <span class='ocrx_word' id='word_1_261' title='bbox 284 3117 411 3176; x_wconf 86' lang='lat' dir='ltr'><strong>adverso</strong></span> <span class='ocrx_word' id='word_1_262' title='bbox 433 3118 497 3178; x_wconf 87' lang='lat' dir='ltr'><strong>sole</strong></span> <span class='ocrx_word' id='word_1_263' title='bbox 521 3126 551 3177; x_wconf 87' lang='lat' dir='ltr'><strong>et</strong></span> <span class='ocrx_word' id='word_1_264' title='bbox 571 3127 659 3178; x_wconf 89' lang='lat' dir='ltr'><strong>vento</strong></span> <span class='ocrx_word' id='word_1_265' title='bbox 680 3126 709 3177; x_wconf 91' lang='lat' dir='ltr'><strong>et</strong></span> <span class='ocrx_word' id='word_1_266' title='bbox 730 3117 853 3196; x_wconf 86' lang='lat' dir='ltr'><strong>pulvere</strong></span> <span class='ocrx_word' id='word_1_267' title='bbox 867 3117 1059 3179; x_wconf 89' lang='lat' dir='ltr'><strong>barbarorum</strong></span> <span class='ocrx_word' id='word_1_268' title='bbox 1083 3137 1169 3180; x_wconf 91' lang='lat' dir='ltr'><strong>occu·</strong></span> 
     </span>
     <span class='ocr_line' id='line_1_36' title="bbox 129 3202 426 3280; baseline -0.01 -19"><span class='ocrx_word' id='word_1_269' title='bbox 129 3210 248 3280; x_wconf 90' lang='lat' dir='ltr'><strong>paretur</strong></span> <span class='ocrx_word' id='word_1_270' title='bbox 269 3202 426 3260; x_wconf 88' lang='lat' dir='ltr'><strong>exercitus.</strong></span> 
     </span>
    </p>

    <p class='ocr_par' dir='ltr' id='par_1_9' title="bbox 66 3282 1139 3536">
     <span class='ocr_line' id='line_1_37' title="bbox 66 3282 1137 3365; baseline 0.004 -20"><span class='ocrx_word' id='word_1_271' title='bbox 66 3355 68 3359; x_wconf 68' lang='lat'><strong>,</strong></span> <span class='ocrx_word' id='word_1_272' title='bbox 213 3284 242 3345; x_wconf 86' lang='grc'><strong>9.</strong></span> <span class='ocrx_word' id='word_1_273' title='bbox 289 3282 464 3346; x_wconf 82' lang='lat' dir='ltr'><strong>Cleomenes</strong></span> <span class='ocrx_word' id='word_1_274' title='bbox 486 3284 734 3345; x_wconf 87' lang='lat' dir='ltr'><strong>Lacedaemonius</strong></span> <span class='ocrx_word' id='word_1_275' title='bbox 763 3286 904 3346; x_wconf 89' lang='lat' dir='ltr'><strong>adversus</strong></span> <span class='ocrx_word' id='word_1_276' title='bbox 924 3285 1059 3365; x_wconf 87' lang='lat' dir='ltr'><strong>Hippiam</strong></span> <span class='ocrx_word' id='word_1_277' title='bbox 1082 3287 1137 3349; x_wconf 81' lang='lat' dir='ltr'><strong>Atb</strong></span> 
     </span>
     <span class='ocr_line' id='line_1_38' title="bbox 127 3368 1138 3448; baseline 0.005 -19"><span class='ocrx_word' id='word_1_278' title='bbox 127 3368 274 3447; x_wconf 82' lang='lat' dir='ltr'><strong>triensem,</strong></span> <span class='ocrx_word' id='word_1_279' title='bbox 293 3370 342 3448; x_wconf 87' lang='lat' dir='ltr'><strong>qui</strong></span> <span class='ocrx_word' id='word_1_280' title='bbox 361 3372 488 3447; x_wconf 89' lang='lat' dir='ltr'><strong>equitatu</strong></span> <span class='ocrx_word' id='word_1_281' title='bbox 503 3368 710 3448; x_wconf 89' lang='lat' dir='ltr'><strong>praevalebat,</strong></span> <span class='ocrx_word' id='word_1_282' title='bbox 724 3369 892 3448; x_wconf 90' lang='lat' dir='ltr'><strong>planiciem,</strong></span> <span class='ocrx_word' id='word_1_283' title='bbox 906 3371 934 3429; x_wconf 92' lang='lat' dir='ltr'><strong>in</strong></span> <span class='ocrx_word' id='word_1_284' title='bbox 949 3389 1005 3448; x_wconf 88' lang='lat' dir='ltr'><strong>qua</strong></span> <span class='ocrx_word' id='word_1_285' title='bbox 1022 3371 1138 3434; x_wconf 85' lang='lat' dir='ltr'><strong>dimicat</strong></span> 
     </span>
     <span class='ocr_line' id='line_1_39' title="bbox 127 3453 1139 3536; baseline 0.005 -22"><span class='ocrx_word' id='word_1_286' title='bbox 127 3472 176 3515; x_wconf 90' lang='lat' dir='ltr'><strong>rus</strong></span> <span class='ocrx_word' id='word_1_287' title='bbox 195 3463 273 3532; x_wconf 87' lang='lat' dir='ltr'><strong>erat,</strong></span> <span class='ocrx_word' id='word_1_288' title='bbox 297 3453 449 3515; x_wconf 87' lang='lat' dir='ltr'><strong>arboribus</strong></span> <span class='ocrx_word' id='word_1_289' title='bbox 469 3453 623 3533; x_wconf 85' lang='lat' dir='ltr'><strong>prostratis</strong></span> <span class='ocrx_word' id='word_1_290' title='bbox 642 3453 793 3534; x_wconf 89' lang='lat' dir='ltr'><strong>impedivit</strong></span> <span class='ocrx_word' id='word_1_291' title='bbox 811 3463 840 3516; x_wconf 89' lang='lat' dir='ltr'><strong>et</strong></span> <span class='ocrx_word' id='word_1_292' title='bbox 859 3456 964 3516; x_wconf 89' lang='lat' dir='ltr'><strong>inviam</strong></span> <span class='ocrx_word' id='word_1_293' title='bbox 981 3457 1072 3536; x_wconf 87' lang='lat' dir='ltr'><strong>equiti</strong></span> <span class='ocrx_word' id='word_1_294' title='bbox 1089 3457 1139 3519; x_wconf 85' lang='lat' dir='ltr'><strong>icc</strong></span> 
     </span>
    </p>
   </div>
   <div class='ocr_carea' id='block_1_3' title="bbox 0 0 1224 3848">
    <p class='ocr_par' dir='ltr' id='par_1_10' title="bbox 0 0 1224 3848">
     <span class='ocr_line' id='line_1_40' title="bbox 0 0 1224 3848; baseline 0 0"><span class='ocrx_word' id='word_1_295' title='bbox 0 0 1224 3848; x_wconf 95' lang='lat' dir='ltr'><strong> </strong></span> 
     </span>
    </p>
   </div>
  </div>
 </body>
</html>
