2438 3848
83 162 124 223 70
418 171 494 223 SEX.
517 172 610 273 lliLII
627 150 852 223 uuonamrli

82 330 237 429 eruptione
260 327 398 391 Lacetani
419 329 509 417 ipcile
532 276 709 393 avertissent
718 278 763 397 ιι
778 327 928 405 fugientes
945 284 1062 388 aride
1053 344 1130 389 mse·

83 415 142 474 cuti
166 423 283 491 esseut,
305 414 363 474 illis
382 432 455 494 quas
475 404 678 487 occultaverat
695 408 866 473 cohortibus
880 410 1020 491 oppidum
1040 413 1129 491 cepit.

169 513 199 579 2
246 514 277 574 L.
298 514 428 592 Scipio
420 533 448 587 ιι
467 514 615 589 Sardinia,
639 512 787 572 cuiusdam
808 513 932 574 ciuitatis
955 530 1012 592 per
1027 513 1130 575 tumul·

82 607 142 659 tum
164 598 268 658 relicta
283 594 502 677 obpugnatione
517 615 602 676 quam
622 598 816 673 instruxerat,
839 599 971 676 speciem
992 597 1130 676 fugientis

83 682 245 762 praestitit;
261 683 460 760 inanitatisque
475 691 586 741 temere
601 681 772 760 oppidanis,
789 697 911 759 percos
926 697 1002 761 quos
1017 683 1048 743 ιι
1063 697 1130 762 pro·

83 766 162 826 ximo
186 766 388 826 occultaverat
409 765 549 845 oppidum
566 765 680 825 invasit.

170 865 200 924 3.
241 864 401 941 Hannibal,
425 884 490 927 eum
513 864 665 926 obsideret
687 865 833 925 ciuitatem
850 864 1012 940 Himeram,
1034 873 1131 926 castra

85 967 137 1010 sua
157 950 223 1028 capi
239 949 276 1009 de
291 949 430 1011 industria
447 968 552 1030 passus
564 958 626 1025 est,
645 949 732 1009 iussis
752 950 898 1010 recedere
920 948 1038 1025 Poenis,
1061 958 1130 1009 tam-

86 1050 171 1112 quam
192 1034 380 1112 praevaleret
401 1034 505 1095 hostis.
543 1033 609 1111 Quo
626 1042 732 1094 eventu
746 1031 909 1095 Himeraeis
924 1034 963 1094 ita
983 1032 1129 1111 deceptis,

85 1127 116 1178 ut
141 1118 247 1195 gaudio
269 1118 386 1197 impulsi
407 1119 511 1179 relicta
530 1116 604 1179 urhe
623 1127 832 1197 procurrerent
853 1117 890 1177 ad
912 1116 1050 1177 Punicum
1071 1117 1130 1177 val·

86 1203 162 1278 lum,
187 1201 329 1264 Hannibal
359 1218 480 1264 vacuam
508 1198 612 1263 urbem
637 1219 694 1283 per
721 1219 791 1300 eos,
818 1216 894 1281 quos
915 1202 945 1262 iu
962 1201 1075 1261 insidiis
1097 1201 1131 1262 ad

85 1286 192 1347 banc
183 1305 277 1366 ipsum
299 1288 487 1348 occasionem
509 1294 665 1367 posuerat,
688 1286 779 1365 cepit.

170 1389 200 1447 4
244 1387 340 1463 idem,
369 1388 602 1486 urSegestanos
626 1384 766 1462 eliceret,
794 1404 861 1448 rara
883 1386 948 1447 acie
976 1385 1013 1447 ad
1032 1403 1131 1463 muros

86 1466 252 1545 accedens,
272 1470 308 1530 ad
331 1473 452 1548 primam
475 1468 658 1569 eruptionem
680 1431 891 1550 oppidanorum
909 1469 1042 1531 simulata
1064 1470 1131 1549 iuga

87 1553 193 1629 cessit,
213 1554 454 1653 interpositoque
478 1554 614 1617 exercitu
638 1552 676 1616 ab
703 1555 813 1663 oppido
836 1555 1013 1615 interclusos
1032 1573 1050 1617 a
1072 1557 1131 1615 suis

87 1637 220 1696 hostes
211 1655 240 1696 ιι
261 1636 357 1696 medio
378 1636 544 1699 trucidarit.

175 1737 203 1796 5.
248 1736 372 1797 Himilco
394 1734 642 1814 Carthaginiensis
656 1739 733 1818 apud
748 1737 964 1817 Agrigentum
954 1746 1034 1798 ruxta
1050 1739 1132 1818 oppi-

87 1820 154 1881 dum
176 1829 288 1900 partem
311 1821 460 1900 copiarum
481 1822 511 1881 ιι
532 1821 643 1883 insidiis
659 1822 756 1903 posuit
771 1823 985 1902 praecepitque
1007 1821 1069 1899 ιιιι,
1090 1832 1130 1898 ιι,

89 1922 153 1965 ιιι
168 1906 387 1984 processissent
397 1905 553 2007 oppidani,
573 1904 652 2006 liqna
667 1907 782 1979 humida
796 1907 1003 1967 incenderent·
1026 1905 1132 1967 deinde

88 2005 152 2049 curu
175 1990 289 2070 reliqua
313 1998 399 2070 parte
420 1992 569 2063 exereitus
590 1991 683 2070 prima
701 1991 768 2051 luce
791 1990 828 2052 ad
849 1990 1010 2051 eliciendos
1030 1989 1132 2053 hostes

87 2084 285 2153 progressus,
312 2074 446 2137 simulata
462 2074 549 2154 iuga
581 2084 795 2154 persequentes
825 2073 988 2155 oppidanos
1016 2074 1132 2153 longius

88 2156 223 2223 cedendo
233 2152 388 2239 protraxit
417 2156 608 2221 lnsrdratorcs
620 2176 715 2238 prope
727 2175 843 2218 moenra
854 2159 1045 2238 tmperatum
1036 2176 1132 2237 iguem

87 2240 161 2319 ligni
180 2242 304 2327 acerris
323 2238 527 2321 subiecerunt,
554 2243 630 2304 uude
658 2242 793 2304 obortum
820 2243 1009 2322 contemplati
1027 2244 1134 2304 iumum

88 2308 287 2403 Agrigentini
294 2310 452 2399 imorum
476 2327 621 2388 civitatem
650 2345 730 2387 suam
752 2327 1002 2396 existimareruut;
1032 2327 1133 2388 deien-

89 2406 264 2507 dendaeqqe
287 2408 351 2469 eius
368 2408 466 2497 pratia
482 2406 549 2471 dum
568 2410 685 2491 trepide
706 2419 875 2487 recurrunt,
899 2411 994 2471 obviis
1019 2412 1063 2471 eis
1086 2412 1134 2491 qui

89 2491 216 2551 insidiati
238 2493 318 2552 iuxta
339 2509 439 2552 muros
460 2502 560 2571 erant,
582 2503 612 2554 et
634 2513 650 2555 a
668 2504 754 2574 tergo
773 2455 945 2556 ιιιιιιιιιιιι
968 2512 1043 2575 quos
1067 2513 1133 2575 per·

89 2576 184 2636 secuti
203 2574 369 2663 fuerant,
360 2594 388 2635 ιι
409 2576 507 2637 medio
528 2538 662 2640 trhcidati
680 2589 756 2641 ιιιι.

175 2676 205 2736 6.
245 2675 408 2754 Viriathus,
419 2668 576 2757 disposito
595 2698 651 2758 per
670 2680 788 2742 occulta
806 2678 897 2740 milite
918 2696 1031 2758 paucos
1046 2680 1134 2756 misit,

91 2761 139 2838 qui
161 2758 320 2837 abigerent·
332 2778 444 2840 pecora
461 2763 737 2843 Segobrigensium:
761 2763 888 2842 adquae
906 2765 948 2825 illi
961 2764 1135 2827 vindicanda

90 2862 157 2903 cum
181 2843 352 2922 frequenter
372 2848 628 2923 procucurrissent
643 2846 871 2927 simulantesque
890 2849 989 2926 iugum
1011 2848 1135 2927 praeda·

89 2935 172 2988 tores
195 2938 461 3007 persequerentur,
484 2930 632 2993 deducti
623 2951 652 2991 ιι
671 2933 789 2992 iusidias
812 2933 952 3011 caesique
974 2941 1049 2993 ιιιι

176 3015 205 3072 7.
250 3013 399 3074 Scordisci
418 3016 565 3095 equitet,
574 3034 641 3077 cunr
654 3015 820 3077 Heracleae
833 3016 951 3077 duarum
971 3015 1135 3077 cohortium

90 3094 239 3173 praesidio
264 3099 452 3176 praepositus
480 3108 561 3161 esset
577 3099 742 3185 Lucullus,
770 3117 881 3178 pecora
903 3099 1026 3177 abigere
1049 3101 1134 3161 simu·

89 3178 184 3239 lantes
197 3185 601 3281 provocarunteruptionem;
623 3180 735 3263 lupam
740 3183 845 3245 deinde
859 3185 986 3260 mentiti,
1008 3202 1134 3263 sequen

90 3270 149 3323 tem
170 3261 357 3324 Lucullum
348 3284 377 3324 ιι
402 3266 520 3330 iusidias
542 3268 726 3331 deduxerunt
747 3276 778 3331 et
799 3268 987 3346 octingentos
1009 3287 1074 3329 cnm
1098 3286 1135 3330 eo

90 3348 198 3408 milites
216 3349 396 3410 occiderunt.

175 3431 205 3493 8.
252 3429 363 3495 Chares
400 3434 458 3497 dux
489 3404 726 3514 Atheniensium,
760 3435 905 3499 ciuitatem
940 3435 1136 3514 adgressurus
