2438 3848
83 179 124 243 oo
276 176 280 183 '
301 142 495 239 ‘'wbiim
514 188 605 257 span
624 186 796 241 rrourrm

87 346 179 407 suasit
201 344 377 417 discessisse
397 344 562 409 Romanos:
591 345 622 406 id
641 362 744 407 serum
765 341 978 405 Crotonienses
1000 343 1130 404 arbitrati

87 431 223 492 dimisere
252 429 376 508 auxilia,
405 431 594 510 destitutique
622 428 888 509 propugnatoribus
917 436 947 489 et
981 428 1130 507 inopinata

90 524 153 576 arte
170 514 290 575 invalidi
308 516 385 594 capti
406 523 482 575 sunt.

170 599 201 659 5.
242 597 342 676 blago·
357 598 416 659 dux
434 595 698 693 Carthaginiensis,
726 597 805 656 victo
834 594 887 656 Cn.
916 597 1024 657 Pisone
1053 606 1083 657 et
1102 598 1131 656 in

86 684 210 762 quadam
239 691 320 742 turre
348 682 563 761 circumsepto,
595 682 761 760 suspicatus
790 689 912 742 ventura
937 682 966 741 ei
987 680 1129 757 subsidia,

85 767 239 846 perfugam
268 756 362 853 upisi't,
391 767 441 847 qui
469 764 663 844 persuaderet
691 763 991 844 adpropinquantibus
1015 775 1130 844 captum

86 852 142 910 iam
168 850 318 911 Pisonem:
346 866 405 931 qua
432 851 547 913 ratione
577 849 726 911 deterritis
754 850 815 927 eis,
844 849 959 928 reliqua
987 850 1130 910 victoriae

87 932 305 994 consummavit.
395 932 420 1001 ⁸,

172 1017 201 1077 6.
238 1014 410 1087 Alcibiades
431 1016 461 1077 in
481 1017 598 1094 Sicilia,
619 1034 684 1078 oum
706 1017 869 1092 Syracusas
893 1033 1002 1095 capere
1025 1016 1131 1093 vellet,

87 1119 126 1160 ex
143 1099 376 1179 Catiniensibus,
394 1102 472 1181 apud
486 1118 561 1181 quos
579 1110 647 1161 tunc
662 1102 821 1161 exercitum
836 1100 1014 1178 continebat,
1032 1119 1131 1179 quem·

87 1185 152 1245 dam
179 1186 352 1263 exploratae
381 1186 533 1247 sollertiae
561 1184 693 1245 submisit
720 1183 757 1245 ad
783 1184 994 1259 Syracusanos.
1047 1183 1077 1244 ls
1104 1186 1132 1244 in

86 1269 234 1348 publicum
258 1269 413 1330 concilium
438 1270 618 1330 introductus
640 1269 806 1348 persuasit,
833 1267 1040 1329 infestissimos
1063 1286 1131 1327 esse

89 1351 274 1413 Catinienses
296 1351 524 1414 Atheniensibus
547 1360 594 1430 et,
614 1354 639 1413 si
663 1353 868 1412 adiuvarentur
887 1371 903 1413 a
926 1353 1131 1428 Syracusanis,

88 1437 215 1496 futurum
235 1445 267 1496 ut
289 1436 489 1515 obprimes-eut
510 1455 564 1497 eos
586 1447 615 1498 et
637 1435 829 1497 Alcibiadem.
875 1436 940 1509 Qua
960 1454 995 1497 re
1014 1436 1132 1498 adducti

88 1519 265 1594 Syracusani
289 1520 433 1581 universis
463 1519 575 1581 uiribus
603 1517 732 1581 Catinam
761 1520 881 1599 petituri
908 1530 1132 1599 processerunt,

87 1602 193 1662 relicta
214 1603 344 1680 ipsorum
368 1602 459 1673 urbe;
486 1622 576 1683 quam
597 1622 614 1665 a
637 1613 724 1682 tergo
746 1605 866 1666 adortus
889 1604 1061 1667 Alcibiades
1083 1605 1134 1665 de·

88 1686 229 1763 solatore,
251 1695 283 1744 ut
304 1697 492 1765 speraverat,
515 1688 636 1749 sdllixit.

175 1772 205 1830 7.
248 1767 426 1846 Cleonymus
440 1771 687 1835 Lacedaemonius
702 1772 894 1848 Troezenios,
913 1773 963 1850 qui
984 1772 1133 1851 praesidio

92 1852 207 1915 Crateri
230 1855 499 1934 tum-,tenetentum
527 1857 703 1934 adgressus,
724 1858 784 1918 tela
801 1856 958 1935 quaedam,
981 1856 1134 1934 inquibus

90 1939 232 2018 scriptum
254 1947 334 2017 erat,
355 1942 474 2005 venisse
491 1958 525 2002 se
539 1942 576 2002 ad
598 1941 777 2003 liberandam
794 1959 894 2001 eorum
912 1939 1134 2019 rempublicam,

88 2024 163 2084 intra
183 2040 282 2084 muros
301 2025 386 2095 iecit;
411 2027 567 2087 eteodem
588 2033 723 2113 tempore
744 2027 877 2104 captivos
899 2025 1042 2105 quosdam
1065 2041 1135 2085 cou-

90 2107 206 2168 ciliatos
235 2107 292 2168 sibi
312 2111 449 2187 remisit,
478 2113 528 2190 qui
557 2108 707 2173 Cratenm
739 2109 946 2170 detractarent.
995 2107 1053 2170 Per
1077 2108 1136 2168 boc

90 2193 242 2252 consilium
257 2193 400 2253 seditione
415 2195 550 2255 intestina
569 2193 646 2274 apud
662 2192 806 2254 obsessos
825 2193 997 2270 conciliata,
1017 2192 1136 2255 admoto

91 2275 223 2334 exercitu
246 2276 354 2353 potitus
377 2286 422 2337 est
445 2279 601 2339 ciuitate.⁸
633 2298 684 2349 ἦ,

485 2440 633 2505 CAPUT
654 2444 731 2505 vlt

91 2569 139 2615 nn
168 2568 354 2619 unumunurn
381 2568 625 2642 nnnrvnmonu
648 2560 697 2623 'nu
721 2574 928 2624 mammons
951 2554 1135 2658 sompnum.

179 2694 206 2752 1.
243 2692 275 2753 P.
297 2691 437 2752 Servilius
456 2692 585 2754 Isauram
603 2695 754 2774 oppidum,
766 2695 886 2756 dumine
902 2713 941 2756 ex
955 2711 1014 2777 quo
1032 2694 1137 2756 hostes

93 2774 272 2855 aquabantur
293 2793 416 2852 averso,
440 2777 476 2837 ad
495 2777 672 2855 deditionem
694 2779 914 2858 siti,compulit,
966 2780 972 2791 '
1151 2800 1160 2813 ·

178 2859 208 2919 2.
262 2857 295 2919 C.
323 2857 434 2921 Caesar
467 2856 615 2923 inl-Gallia
639 2854 854 2951 'Cadurcorum'
875 2863 1024 2923 civitatem
1052 2877 1138 2923 amne

93 2945 217 3004 cinctam
246 2951 276 3004 et
304 2944 432 3004 fontibus
461 2944 654 3009 abundantem
680 2946 717 3008 ad
739 2947 866 3024 inopiam
892 2962 987 3025 aquae
1008 2945 1137 3021 redegit,

93 3044 158 3087 cum
180 3027 276 3087 fontes
297 3028 613 3091 cuniculisaversisses
634 3010 803 3093 etbumims
823 3047 906 3090 usum
933 3046 997 3107 pes·
1010 3028 1138 3105 sagitta·

93 3111 156 3170 rios
177 3112 330 3176 arcuisset.
548 3120 553 3128 '
765 3160 775 3180 .
1094 3157 1100 3169 .
1163 3124 1168 3135 '

180 3191 208 3255 3.
247 3192 283 3268 Q.
307 3193 444 3255 Metellus
471 3195 501 3255 in
520 3193 659 3274 llispauia
680 3190 818 3257 citeriore
846 3196 876 3256 iu
895 3204 991 3258 castra
1009 3193 1139 3257 bostium

93 3275 193 3337 humili
221 3277 289 3338 loco
318 3279 413 3357 posita
442 3277 559 3339 lluvium
586 3297 624 3339 ex
647 3280 801 3357 superiore
828 3289 912 3359 parte
943 3280 1077 3356 immisit,
1108 3288 1139 3340 et

93 3360 189 3422 subita
209 3361 394 3423 inundatione
418 3361 551 3425 turbatos
577 3380 633 3442 per
660 3362 819 3444 dispositos
848 3365 877 3426 iu
898 3363 957 3427 boc
978 3364 1074 3443 ipsum
1096 3364 1138 3424 iu·

94 3444 249 3509 sidiatores
271 3445 387 3508 cecidit.
