2438 3848
241 199 584 252 sunnunonrudulcort
605 200 674 248 LIB.
698 202 743 249 tv.
767 201 843 251 OAP.
866 203 926 253 vn.
1069 193 1109 254 93

67 373 170 435 agrum
188 356 331 434 hostium,
353 356 457 436 quibus
478 355 601 416 subinde
616 357 746 435 praedae
766 356 897 435 lucrant,
920 357 998 417 ultro
1019 358 1112 436 depo·

106 443 158 502 lati
177 450 251 500 sunt.
455 449 458 454 ’

65 460 104 520 pu
155 525 203 585 14.
247 521 367 584 cassius
393 525 542 584 onerarias
566 541 672 600 naves,
695 541 753 584 non
776 525 874 601 magni
896 523 932 583 ad
955 524 1011 584 alia
1031 543 1111 601 usus,

65 626 209 669 accensas
231 617 398 687 opportuno
420 617 509 668 vento
531 609 560 668 in
583 610 708 669 classem
726 609 852 671 hostiurn
866 608 943 668 misit
960 616 990 669 et
1014 609 1119 673 incen·.

64 694 113 752 dio
133 711 199 753 eam
222 693 411 769 consumpsit.

153 777 203 836 15.
245 775 284 835 lli.
297 775 394 834 Livius
415 774 482 833 fuso
495 774 679 835 Hasdrubale
700 775 882 836 hortantibus
906 793 970 835 enm
993 776 1112 856 quibus·

64 861 148 936 dam,
171 869 202 919 ut
223 859 338 919 hostem
361 858 398 918 ad
425 860 654 918 internecionem
675 869 920 938 persequeretur,
944 862 1111 939 respoudit:

63 943 167 1022 Aliqui
190 953 220 1003 et
241 943 406 1021 supersint,
427 942 534 1020 quide
555 944 680 1003 victoria
701 953 801 1004 nostra
821 943 954 1004 hostibus
972 947 1111 1005 nuntient.

153 1028 202 1088 16.
244 1027 344 1106 Scipio
367 1025 522 1086 Africanus
544 1027 645 1086 dicere
672 1028 775 1086 solitus
798 1037 861 1103 est,
883 1027 962 1087 hosti
984 1045 1042 1089 non
1064 1046 1112 1088 so·

64 1111 124 1171 lum
144 1110 268 1171 dandam
287 1128 356 1170 esse
373 1111 450 1169 viam
468 1110 616 1186 fugiendi,
636 1111 690 1170 sed
712 1112 798 1170 etiam
819 1111 1010 1171 muniendam.

152 1196 201 1255 17.
245 1194 359 1254 Paches
381 1193 572 1253 Atheniensis
601 1194 780 1268 adfirmavit,
811 1193 975 1254 incolumes
997 1196 1110 1255 futuros

62 1278 182 1355 hostes,
210 1279 236 1338 si
264 1277 448 1356 deponerent
474 1278 597 1345 ferrum:
625 1278 728 1355 eisque
757 1276 908 1336 obsecutis
941 1278 1111 1354 conditioni,

61 1363 234 1438 universos,
259 1362 357 1439 quiin
379 1361 491 1439 sagulis
512 1361 625 1421 ferreas
647 1361 752 1421 fibulas
774 1361 962 1438 habuissent,
985 1363 1109 1423 interfici

62 1446 157 1505 iussit.

152 1528 201 1590 18.
241 1527 421 1604 Hasdrubal,
445 1527 671 1606 subigendoru'm
685 1526 871 1590 Numidarum
887 1545 975 1589 causa
995 1529 1109 1607 lingens

61 1613 177 1689 dolum,
199 1613 350 1689 ingressus
372 1612 445 1672 lines
469 1628 569 1672 eorum
583 1615 726 1674 resistere
745 1612 914 1692 parantibus
936 1612 1108 1690 adfirmavit,

61 1697 99 1757 ad
119 1696 278 1775 capiendos
299 1697 471 1756 sevenisse
493 1697 686 1775 elephantos,
710 1696 814 1775 quibus
837 1696 923 1758 ferax
945 1707 991 1757 est
1010 1697 1107 1758 Numi·

60 1780 122 1840 dia:
149 1789 180 1840 ut
207 1780 265 1840 hoc
286 1782 504 1859 permitterent,
534 1780 725 1859 poscentibus
748 1783 936 1841 securitatem
957 1783 1105 1859 promisit;

62 1874 92 1924 et
115 1882 150 1924 ea
173 1865 365 1943 persuasione
387 1873 528 1924 avocatos
551 1865 670 1925 adortus
693 1863 748 1924 sub
771 1865 856 1940 leges
877 1864 1003 1941 redegit.

149 1947 198 2008 19.
241 1947 364 2007 Alcetas
390 1946 656 2021 Lacedaemonius,
684 1957 716 2006 ut
736 1945 941 2007 Thebanorum
963 1965 1106 2009 commea·

59 2039 121 2090 tum
153 2031 268 2091 facilius
300 2049 338 2088 ex
362 2031 509 2107 inopinato
540 2030 769 2106 adgrederetur,
794 2031 824 2088 iu
851 2028 969 2089 occulto
997 2033 1106 2107 paratis

59 2114 201 2188 navibus,
221 2123 366 2190 tamquam
382 2129 467 2170 uuam
488 2113 603 2173 omnino
622 2113 745 2173 haberet
763 2113 927 2185 triremem,
949 2113 1061 2172 vicibus
1077 2117 1106 2173 in

60 2216 125 2260 earn
144 2215 207 2256 rem
229 2197 356 2271 remiges
380 2194 557 2255 exercebat:
580 2196 705 2274 quodam
724 2196 830 2256 deinde
846 2205 981 2273 tempore
1005 2213 1105 2256 omues

57 2299 151 2342 naves
181 2282 210 2339 in
237 2278 393 2339 Thebanos
422 2280 674 2357 transnavigantes
706 2281 821 2340 immisit
843 2289 873 2340 et
897 2278 1105 2342 commeatibus

59 2382 162 2425 eorum
184 2364 294 2443 potitus
317 2373 371 2422 est.

145 2447 196 2508 20.
241 2447 427 2508 Ptolemaeus
448 2447 589 2508 adversus
611 2447 797 2526 Perdiccam,
826 2449 959 2509 exercitu
982 2466 1103 2527 praeva-

57 2533 183 2608 lentem,
207 2534 273 2610 ipse
303 2533 464 2608 invalidus,
493 2549 578 2592 omne
613 2534 757 2610 pecudum
790 2551 901 2610 genus,
930 2534 1063 2609 religatis
1088 2552 1104 2592 a

56 2625 144 2693 tergo
173 2633 249 2693 quae
273 2615 422 2676 traherent
444 2617 620 2691 sarmentis,
645 2617 788 2695 agendum
812 2635 867 2696 per
889 2634 1000 2696 paucos
1021 2634 1102 2676 cura·

55 2702 97 2759 vit
122 2702 252 2777 equites:
271 2700 335 2775 ipse
355 2717 549 2779 praegressus
567 2717 631 2759 oum
654 2701 748 2778 copiis
764 2717 837 2777 quas
852 2699 978 2759 habebat
993 2699 1102 2774 effecit,

56 2793 88 2843 ut
112 2782 227 2862 pulvis,
252 2798 337 2858 quem
356 2800 468 2860 pecora
486 2785 702 2858 excitaverant,
725 2784 856 2860 speciem
876 2783 972 2859 magni
988 2785 1101 2841 exerci-

55 2877 103 2927 tus
118 2877 268 2933 moveret;
293 2867 372 2925 ouius
391 2869 613 2944 exspectatione
633 2866 764 2926 territum
785 2867 856 2924 vicit
876 2866 1000 2926 hostem.

142 2950 193 3009 21.
238 2949 406 3024 Myrouides
433 2949 623 3011 Atheniensis
648 2950 788 3012 adversus
816 2948 991 3027 Thebanos,
1018 2952 1100 3028 equi·

55 3042 116 3094 tatu
143 3033 366 3113 praevalentes,
394 3044 573 3113 pugnaturus
602 3035 631 3094 in
662 3034 771 3111 campis
794 3050 864 3093 suos
886 3034 1020 3110 edocuit,
1042 3053 1100 3096 ma·

55 3117 190 3178 uentibus
214 3136 282 3177 esse
302 3135 385 3196 spem
404 3118 530 3196 aliquam
553 3117 671 3193 salutis,
692 3116 862 3178 cedentibus
885 3128 980 3178 autem
1004 3122 1099 3197 perni-

55 3204 131 3262 ciem
159 3219 317 3263 summam:
353 3219 410 3280 qua
436 3202 551 3263 ratione
581 3201 757 3261 confirmatis
784 3202 922 3263 militibus
947 3204 1099 3263 victoriam

57 3296 233 3346 consecutus
251 3296 305 3346 est.
443 3331 447 3338 -

141 3369 191 3430 22.
234 3369 266 3429 h.
287 3370 435 3445 Pinarius,
459 3368 602 3428 in·Sicilia
617 3368 765 3447 praesidio
780 3367 881 3429 Ennae
898 3372 1095 3448 praepositus,

54 3455 156 3515 claves
184 3463 331 3534 portarum
363 3471 434 3533 quas
460 3471 554 3534 penes
582 3471 616 3513 se
643 3452 770 3514 habebat
792 3453 1017 3534 reposcentibus
1037 3468 1096 3508 ma·
