2438 3848
210 202 257 248 nu
280 201 397 260 acuas
419 199 592 248 nucmsus
614 199 716 248 uatus
737 201 859 249 aeuus
880 200 997 250 uranu.
1067 187 1125 250 123

80 359 174 418 verba
198 360 260 416 eius
283 357 392 434 legis:)
416 355 444 414 id
468 363 513 413 est
538 373 613 433 quae
636 373 674 414 ex
696 355 762 414 lacu
784 356 955 415 abundavit:
986 375 1049 416 eam
1072 374 1126 417 nos

82 443 223 502 caducam
246 459 394 500 vocamus.
439 438 477 497 Et
498 439 572 498 haec
592 441 656 517 ipsa
677 456 735 498 non
755 441 784 498 in
805 441 1013 516 aliumusum,
1042 459 1126 518 quam

80 531 111 586 in
142 527 311 585 balnearum
340 532 369 582 et
396 523 599 582 fullonicarum
630 524 771 591 dabatur;
810 533 930 602 eratque
961 526 1126 600 vectigalis,

82 621 188 670 statuta
216 608 370 682 mercede,
403 626 478 685 quae
507 609 535 665 in
563 607 682 685 publico
706 609 938 686 impenderetur:
967 609 1075 686 aliquid
1098 617 1136 668 ct·

82 698 111 754 in
134 696 237 754 domos
259 694 419 772 principum
440 693 564 750 civitatis
585 691 723 766 dabatur,
747 691 977 752 concedentibus
994 694 1125 771 reliquis.

171 780 222 839 95.
267 777 313 836 Ad
339 794 425 852 quem
453 785 547 834 autem
572 778 769 852 magistratum
798 780 841 835 ius
864 778 975 836 dandae
999 778 1126 837 venden-

82 865 177 924 daeve
200 880 292 940 aquae
314 858 501 939 peitinuerit,
528 862 557 918 in
580 861 614 918 iis
637 862 708 937 ipsis
732 861 848 936 legibus
868 863 1009 920 variatur:
1038 863 1125 920 iuter·

82 949 147 1008 dum
165 949 238 1005 eninr
259 946 295 1004 ab
318 943 476 1018 aedilibus,
500 943 641 1003 interdum
661 961 676 1002 a
696 944 868 1004 censoribus
890 949 1063 1023 permissum
1085 948 1126 1004 in·

82 1033 185 1097 veuio;
217 1031 268 1088 sed
292 1031 428 1106 adparet,
460 1029 593 1105 quotiens
616 1030 643 1085 in
668 1045 700 1086 re
727 1029 844 1106 publica
869 1047 1010 1089 censores
1033 1040 1126 1106 crunt,

83 1115 120 1173 ab
143 1115 202 1179 illis
222 1115 401 1192 potissimum
423 1113 559 1189 petitum,
583 1129 646 1170 cum
673 1113 692 1169 ii
715 1121 888 1188 nouerant,
912 1114 1046 1173 aedilium
1062 1133 1126 1172 eam

82 1208 260 1277 potestatem
285 1197 386 1255 fuisse.
432 1194 477 1254 Ex
505 1213 563 1272 que
590 1196 772 1255 manifestum
801 1205 861 1269 est,
893 1199 1126 1274 quanto-potior

83 1302 153 1342 cura
171 1282 328 1340 maioribus
352 1281 539 1339 communium
559 1281 709 1339 utilitatum
733 1282 1008 1358 quamprivatarum
1023 1281 1126 1359 volup·

82 1377 172 1426 tatum
201 1368 304 1439 inerit,
336 1383 399 1423 cum
428 1365 514 1422 etiarn
543 1382 699 1442 eaaqua,
731 1382 816 1443 quam
844 1365 948 1442 priuati
970 1364 1124 1440 ducebant,

86 1453 122 1510 ad
146 1470 227 1510 usum
247 1448 392 1529 publicubr
413 1449 582 1526 pertineret.

171 1535 221 1595 96.
266 1534 397 1592 Tuteiam
420 1541 515 1590 autem
537 1533 874 1612 singularum-aquarum
894 1532 987 1592 lucari
1012 1532 1126 1591 solitam

84 1621 217 1694 invenio,
240 1620 430 1695 positamque,
442 1616 676 1695 redemptoribus
698 1620 922 1693 necessitatem,
947 1627 1057 1676 certum
1075 1636 1125 1676 nu-

84 1721 192 1762 merum
222 1704 299 1761 circa
322 1702 425 1760 ductus
446 1710 529 1760 extra
548 1701 665 1778 urbem,
697 1712 808 1762 certum
830 1703 858 1759 in
879 1702 950 1761 urbe
974 1719 1126 1762 servorum

84 1788 219 1865 opificum
244 1785 385 1860 habendi,
411 1785 576 1867 etquidem
598 1788 654 1862 ita,
681 1794 713 1844 ut
733 1789 846 1845 nomina
873 1804 990 1865 quoque
1013 1803 1125 1859 eorum,

86 1890 160 1949 quos
185 1871 309 1930 habituri
331 1878 430 1927 essent
452 1871 481 1926 in
501 1871 661 1928 ministerio
685 1887 739 1945 per
761 1861 892 1949 quasque
913 1872 1069 1945 regiones,
1098 1871 1127 1927 in
1151 1875 1159 1890 ⁸

83 1956 198 2015 tabulas
226 1953 361 2032 publicas
372 1952 551 2017 deterream
582 1968 740 2029 eorumque
770 1971 889 2030 operum
911 1952 1127 2029 probandorum

85 2058 184 2098 curam
206 2039 297 2117 fuisse
324 2053 415 2113 penes
439 2051 580 2093 censores
602 2035 758 2113 aliquando
781 2045 810 2094 et
832 2026 961 2109 ae‘diies,
985 2036 1126 2094 interdum

84 2127 170 2182 etiam
191 2118 396 2199 quaestoribus
420 2119 682 2195 comprovinciam
706 2119 878 2193 obvenisse,
904 2127 934 2176 ut
952 2119 1127 2196 adparetex

83 2215 204 2266 senatus
235 2202 387 2276 consulto,
423 2202 499 2280 quod
525 2202 633 2261 iactum
664 2211 710 2262 est
739 2201 771 2262 C.
795 2202 903 2262 Licinio
930 2201 1067 2262 Caesuila
1096 2212 1126 2262 et

86 2291 123 2364 Q.
144 2289 234 2349 Fabio
258 2286 440 2347 camoribus.
1054 2310 1061 2325 ·

92 2406 101 2423 τ
171 2372 221 2434 97.
268 2372 381 2446 Quanto
404 2389 496 2449 opere
518 2380 612 2431 autem
635 2390 723 2432 curae
745 2373 848 2447 inerit,
874 2390 911 2431 ne
930 2373 994 2450 quis
1013 2372 1126 2432 violare

88 2459 192 2517 ductus
222 2474 364 2536 aquamve
390 2474 448 2515 non
473 2474 645 2516 concessam
671 2458 804 2517 derivare
830 2458 968 2529 auderet,
1001 2475 1064 2515 cum
1088 2475 1127 2516 ex

85 2543 181 2601 multis
204 2544 347 2620 adparere
370 2550 487 2619 potest,
507 2550 611 2600 tumet
629 2560 666 2600 ex
682 2542 755 2618 hoc,
779 2543 856 2619 quod
870 2541 972 2600 Circus
987 2540 1128 2600 Maximus

85 2645 122 2684 ne
143 2626 244 2685 diebus
264 2626 378 2703 quidem
401 2626 532 2684 ludorum
557 2623 736 2685 Circensium
754 2628 808 2684 nisi
834 2626 968 2684 aedilium
989 2633 1036 2683 aut
1060 2643 1127 2685 cen·

86 2728 183 2770 sorum
205 2713 347 2786 permissu
365 2710 553 2785 irrigabatur:
576 2711 654 2787 quod
668 2712 789 2771 durasse
806 2711 890 2767 etiarn
907 2718 1061 2787 postquam
1078 2727 1127 2767 res

85 2794 121 2852 ad
145 2801 295 2851 curatores
318 2795 430 2851 transiit
454 2793 507 2851 sub
529 2792 679 2869 Augusto,
711 2794 786 2870 apud
805 2792 933 2851 Atteium
955 2790 1127 2870 Capitonem

86 2879 219 2954 legimus.
266 2876 338 2951 Agri
359 2893 449 2952 vero,
477 2878 525 2954 qni
547 2894 621 2954 aqua
644 2875 761 2955 publica
786 2886 885 2935 contra
909 2876 1006 2952 legem
1029 2886 1129 2936 essent

84 2963 210 3038 irrigati,
234 2959 469 3042 publicabantu'n
509 2960 633 3038 blancipi
655 2964 757 3033 etiam,
788 2960 952 3018 si'omnino
978 2961 1045 3036 quid
1066 2979 1128 3020 ser·

84 3065 138 3102 vus
157 3047 219 3103 eius
240 3045 379 3103 adversus
396 3044 493 3119 legem
509 3043 647 3118 fecisset,
667 3044 755 3103 muita
772 3044 931 3103 dicebatur.
976 3044 1007 3103 ln
1026 3046 1129 3105 iisdem

85 3129 199 3207 legibus
224 3129 368 3188 adiectum
387 3137 431 3186 est
452 3129 506 3186 ita:
529 3141 576 3187 na
599 3141 678 3199 curs
702 3141 825 3200 acuam
845 3141 1007 3190 onnuuuo
1030 3143 1127 3191 nouo

85 3227 199 3291 MALO,
233 3227 294 3272 UBI
325 3223 474 3271 PUBLICE
504 3224 638 3272 SALIE'I'.
684 3225 716 3272 SI
747 3225 824 3283 QUIS
856 3225 1046 3292 OLETARIT,
1076 3227 1130 3274 SE-

85 3310 307 3358 snnnmonum
327 3311 351 3355 x
371 3308 501 3355 sumtum
518 3308 637 3355 uuuuu
653 3308 752 3356 usco.
798 3295 913 3357 Otetato
932 3299 1045 3357 videtur
1062 3315 1129 3356 esse

85 3381 191 3439 olidam
219 3382 319 3440 facito.
366 3379 455 3439 Cuius
483 3381 527 3438 rei
554 3397 642 3440 causa
671 3381 783 3440 aediles
812 3382 930 3441 curules
959 3382 1131 3441 iubebantur
1167 3381 1169 3385 ’

84 3483 139 3542 per
161 3466 245 3525 vicos
271 3465 404 3542 singulos
427 3465 540 3542 exiis,
563 3465 612 3544 qui
633 3468 663 3526 iu
680 3475 857 3545 unoquoque
876 3468 945 3526 vico
968 3465 1139 3523 habitarent
