2438 3848
501 185 679 236 uuluoms.
1091 189 1141 235 v11

84 343 212 399 omuibus
223 342 361 412 subsidiis,
382 343 504 415 ennead
524 345 553 401 ld
565 352 671 417 tempus
686 349 908 401 reservaverant.
923 337 937 425 11
952 351 996 406 16.
1010 347 1137 416 adeunte)

84 428 123 482 lta
139 444 211 484 mss.
230 434 258 483 et
278 426 346 484 edd.
368 434 436 497 vet.,
461 444 517 483 non
544 428 662 485 obeunti.
705 429 872 501 Pompeius,
894 432 979 486 rebus
1008 434 1135 487 consulto

84 512 278 583 praeparatis,
293 510 368 568 hosti
384 513 460 566 viam
477 513 669 582 obstruxerat,
692 527 814 583 eumque
831 513 932 569 castris
948 515 1030 571 motis
1050 515 1134 570 adse

85 593 360 667 adpropinquantem
379 596 551 666 (adeuntem)
567 597 604 652 ad
623 595 808 669 pugnandum
823 597 927 668 coegit.
948 589 962 676 ΙΙ
984 604 1027 658 15.
1036 599 1136 670 pluuid

84 680 241 736 nonsulum
256 680 307 737 sed
320 681 423 748 ellus.)
450 680 492 735 Ita
504 681 629 751 restitui,
654 680 772 736 ducibus
794 681 877 735 simul
898 682 1030 737 librorum
1046 683 1136 738 vesti·

83 764 150 835 giis.
183 765 272 836 Vulg.
293 764 402 837 fessum
424 765 522 822 stende
542 772 569 821 et
577 766 677 835 pluuia
691 779 746 819 non
767 766 855 820 solum
868 767 960 822 annno
973 766 1025 822 sed
1040 772 1067 822 el
1082 768 1134 822 lus.

83 846 180 904 Hostis
196 848 291 904 fessus
309 853 369 902 erat
382 847 499 912 stando;
520 850 634 921 iamque
649 865 706 904 nou
721 848 817 920 pluvii
834 849 939 914 solum,
961 866 1043 920 quam
1060 850 1134 906 dixi-

83 947 155 1003 mus,
173 931 296 986 animum
315 934 340 988 ei
350 931 463 1000 ademit,
482 932 535 988 sed
549 938 697 1004 praeterea
714 933 796 987 etiam
811 933 947 988 lassitudo
965 934 1133 1003 (astando).

171 1014 238 1086 Cap.
254 1015 288 1070 ll.
302 1020 328 1073 4.
338 1016 476 1087 peditum)
497 1017 571 1090 Libri
590 1017 699 1090 pedites
715 1022 742 1072 ct
755 1017 886 1087 peditem.
920 1018 1066 1074 Insecutus
1091 1023 1135 1074 est

78 1100 236 1170 ‚equitatum
250 1114 366 1171 regum,
393 1100 440 1170 qui
468 1100 497 1154 in
513 1101 607 1173 iugem
624 1117 744 1155 aversus
763 1105 807 1155 est
830 1107 857 1155 et
880 1107 987 1170 partem
1006 1102 1133 1172 peditum

84 1182 241 1238 eorundem
259 1198 358 1254 regum
371 1185 563 1255 proturbabat.
579 1175 593 1263 ΙΙ
608 1191 635 1243 6.
650 1183 747 1256 quibus
767 1197 806 1238 ecc
822 1184 893 1254 lone.
911 1198 978 1239 usus
993 1187 1046 1253 est)
1065 1187 1083 1240 i.
1105 1201 1132 1239 e.

84 1269 187 1337 quibus
204 1268 243 1322 uti
258 1268 357 1323 solent.
385 1266 567 1339 Superlluum
579 1266 809 1322 additamentum.
830 1266 950 1322 Videtur
965 1267 1132 1340 legendums

82 1357 113 1406 ut
127 1356 154 1406 et
164 1353 276 1422 sepium
295 1351 392 1423 quibus
407 1366 445 1408 en
456 1353 528 1423 lene.
541 1366 610 1408 usus
623 1357 665 1407 est
675 1350 860 1421 (Ventidius),
879 1355 907 1406 et
917 1354 1066 1408 comminus
1080 1354 1132 1408 ud·

78 1435 202 1506 plieilus,
219 1436 361 1492 uicwrium
387 1434 503 1491 bostium
523 1435 653 1491 eluderet.
694 1435 734 1490 lta
754 1436 846 1507 magis
873 1437 1036 1492 conveniret
1061 1438 1132 1492 inter

81 1518 210 1574 Fronlini
230 1524 258 1573 et
274 1517 373 1574 ilionis
393 1517 485 1576 Cassii
506 1519 614 1590 (XLlX.
633 1520 681 1588 20)
697 1521 894 1576 narrationem.
929 1521 1002 1576 Libri
1017 1525 1132 1588 eminus,

81 1593 373 1682 prodessemus„
389 1605 415 1660 7.
445 1602 576 1660 Volturno
606 1604 773 1677 Verpeltum)
787 1605 860 1659 Ante
879 1620 939 1659 me:
969 1605 1133 1662 Volturnum

81 1700 202 1740 emnem
231 1686 272 1742 De
287 1703 318 1741 re
334 1687 380 1742 edi
397 1687 572 1760 interpretes.
588 1679 602 1767 ΙΙ
617 1693 659 1747 10.
675 1688 845 1760 profluebat)
868 1689 916 1757 „in
931 1687 1026 1744 hohen
1045 1690 1132 1745 Utern

83 1769 170 1824 dahin
187 1771 330 1828 strbmte.“
368 1769 422 1825 Rei
437 1773 650 1828 convenientius
666 1788 731 1827 esse
751 1772 864 1829 videtur
874 1773 1050 1845 praefluebat
1069 1775 1089 1827 i.
1106 1792 1131 1831 e.

80 1852 227 1925 praeteril.
242 1845 255 1932 ΙΙ
270 1858 313 1913 14.
326 1870 388 1911 cum
398 1887 440 1896 -
454 1857 593 1912 uutodt'ue
604 1857 705 1926 esseni)
721 1857 810 1911 Libri:
825 1857 966 1912 custodiae
979 1863 1026 1925 est,
1038 1865 1130 1912 custo-

82 1938 146 1993 diae
176 1945 255 2008 esset,
284 1941 407 1996 custodie
435 1946 513 1995 esset.
557 1938 616 1996 Sed
647 1939 693 1995 ed.
725 1940 834 1996 Bonon.
864 1941 1004 1995 custodiae
1030 1947 1129 1995 essent.

80 2022 168 2093 Vulg.
194 2021 259 2078 dum
273 2051 315 2064 -
329 2024 453 2080 unledin
473 2030 521 2081 est.
537 2014 550 2102 ΙΙ
565 2023 706 2093 burbum's)
722 2023 807 2094 Vulg.
833 2022 911 2077 dictis
932 2023 1027 2090 berb,
1055 2023 1131 2093 quod

82 2104 305 2162 additamentum
321 2108 417 2180 optimi
434 2107 517 2165 codd.
534 2108 675 2179 ignorant.

170 2187 238 2261 Cap.
252 2190 298 2245 Ill.
316 2197 341 2249 l.
358 2191 398 2247 ud
409 2208 454 2263 op.
469 2190 606 2260 Indibilis)
620 2191 705 2261 Vulg.
721 2188 847 2246 Indibile.
870 2188 957 2244 Libri:
973 2188 1130 2257 Indibilem,

82 2272 227 2331 Iutibilem.
265 2274 337 2330 Oud.
362 2275 500 2334 Intibilim.
532 2276 575 2331 Ex
600 2281 696 2330 nostru
720 2276 827 2330 ratione
854 2275 947 2330 omnia
973 2279 1132 2346 congruunt

83 2372 146 2414 eum
165 2358 225 2412 Liv.
245 2357 318 2416 XXI.
339 2363 375 2419 60
395 2366 423 2416 et
443 2361 543 2432 Polyb.
561 2359 594 2415 ll.
617 2361 660 2418 76.
690 2359 733 2415 Ne
756 2359 812 2416 huc
831 2360 937 2414 reseras
958 2360 1017 2414 Liv.
1032 2359 1130 2415 XXlll.

81 2445 125 2500 49.
158 2441 275 2497 Maximi
293 2445 426 2499 momenti
440 2450 489 2508 est,
503 2444 579 2514 quod
590 2444 690 2499 Hanno
701 2445 817 2516 capitur.
850 2443 976 2498 Indibilis
991 2459 1042 2497 rex
1054 2443 1131 2515 apud

81 2525 181 2598 Polyb.
197 2527 356 2582 nominatur
366 2528 531 2593 Andobcles‚
546 2529 627 2584 cuius
642 2528 777 2599 oppidum
792 2527 879 2597 Cissa,
895 2526 971 2599 apud
981 2527 1040 2583 Liv.
1054 2525 1129 2582 Scis-

80 2611 129 2667 sis.
146 2601 160 2688 l}
174 2615 201 2668 2.
210 2612 384 2683 proplipceit)
400 2613 417 2669 i.
434 2628 459 2666 e.
478 2612 597 2668 victoria
611 2612 716 2684 potitus
732 2616 784 2667 est.
804 2601 818 2689 ΙΙ
837 2614 865 2668 3.
881 2614 976 2682 lotum)
991 2612 1086 2666 Verba
1101 2612 1130 2665 in

81 2695 161 2751 libris
175 2695 376 2765 praecedentia
387 2697 487 2752 dextro
500 2711 589 2752 cornu
602 2713 665 2752 cum
688 2695 837 2762 aliis,viris
854 2696 945 2751 doctis
965 2696 1046 2751 eieci.
1067 2685 1081 2773 ΙΙ
1100 2699 1127 2752 4.

78 2779 154 2849 firm.
174 2779 269 2834 milites
283 2780 350 2850 lep.)
373 2779 539 2848 emendavi,
560 2797 626 2852 pros
649 2781 725 2851 firm.
744 2781 774 2834 id
794 2781 897 2851 estlep.
931 2781 1025 2835 Verba
1039 2779 1069 2833 id
1089 2784 1131 2834 est

80 2864 113 2930 (i.
128 2864 169 2932 e.)
185 2862 231 2918 hic
248 2862 349 2919 eodem
364 2853 449 2919 modo
471 2863 626 2936 depravata
638 2871 710 2931 sunt,
727 2870 757 2918 ut
772 2865 793 2918 Ι.
810 2867 870 2927 66
890 2863 934 2918 ibi.
964 2863 1128 2934 Intelligitur

79 2946 168 3003 robur
188 2947 333 3019 lepicnum,
360 2949 405 3004 cui
432 2954 609 3020 opponuntur
634 2948 715 3003 socii.
743 2940 757 3026 ΙΙ
785 2952 813 3006 5.
833 2949 1016 3018 conflictatus)
1035 2963 1130 3002 emen-

80 3029 160 3100 davi,
175 3047 228 3102 pro
244 3032 403 3103 continetis.
418 3022 432 3110 ΙΙ
458 3036 484 3090 3.
499 3033 616 3100 auxilio)
632 3032 706 3087 Libri
722 3033 750 3086 in
765 3032 880 3087 numlio.
899 3033 985 3103 vulg.
1002 3034 1030 3087 in
1047 3035 1129 3087 nuni·

79 3116 156 3172 dum.
172 3106 186 3194 ΙΙ
201 3118 244 3174 16.
256 3114 364 3187 pedites
382 3119 462 3185 suos)
476 3116 522 3172 hic
536 3116 732 3184 inserendum,
750 3115 846 3170 milites
866 3117 943 3187 (post
963 3117 1053 3183 iussit)
1079 3133 1127 3170 ex·

78 3199 277 3272 pungendum,
294 3199 416 3271 denique
433 3215 485 3270 pro
500 3199 625 3256 militibus
644 3198 823 3256 scribendum
841 3216 906 3255 esse
920 3200 1053 3270 peditibus
1073 3217 1128 3272 pu-

79 3286 146 3352 tavi,
174 3289 203 3338 et
226 3299 257 3338 re
274 3284 311 3338 ita
336 3282 480 3354 flagitante
502 3290 531 3339 et
556 3284 689 3339 librorum
714 3285 924 3355 perturbatione
949 3300 1005 3339 uon
1026 3283 1129 3338 adver·

79 3374 170 3424 sonte.
191 3359 206 3446 ΙΙ
228 3372 272 3427 16.
286 3368 413 3440 pupulis)
433 3369 506 3423 Ante
526 3384 572 3422 me
587 3368 726 3439 pertibus.
753 3368 799 3424 An
821 3366 993 3441 repionibus?
1016 3365 1128 3422 Diversi

78 3453 176 3526 populi
191 3453 265 3508 inlra
274 3454 462 3509 nominantur.
477 3443 492 3532 ΙΙ
504 3456 534 3509 ut
544 3450 604 3528 sue.
614 3468 670 3511 non
684 3446 731 3530 p.)
744 3452 790 3511 lta
803 3452 917 3510 elisio
927 3448 1149 3522 seponendum.
