2438 3848
235 142 576 207 sannuncumnr'rcon
596 159 664 207 urs.
688 160 710 211 1.
734 159 810 207 cnr.
834 161 879 207 ιι.
902 160 935 209 ιι.
1089 147 1123 207 11

82 313 247 394 pellantur,
270 315 490 390 transnavigare
511 322 634 391 propter
644 313 864 374 Atheniensium
887 315 1028 388 classem,
1051 332 1126 392 quae

82 399 331 477 opportunitatem
344 396 403 456 loci
416 397 615 473 custodiebat,
635 416 693 457 non
707 406 826 477 posset,
842 399 961 476 scripsit
971 398 1125 476 Antipatro

82 482 238 543 Thraciam
256 481 422 555 rebellare,
444 481 597 559 praesidiis
615 499 690 559 quae
709 483 748 542 ibi
768 483 929 561 reliquerat
950 482 1125 549 interiectis;
1149 489 1153 496 '

82 576 113 627 ut
134 575 312 644 sequeretur
334 564 465 624 omnibus
488 567 616 624 omissis:
645 584 720 642 quae
747 566 892 645 epistolae
919 576 950 626 ut
969 567 1126 643 intercipe·

82 659 184 729 rentur
206 649 242 710 ab
265 649 367 747 hoste,
392 650 513 708 curavit.
563 648 777 725 Athenienses,
804 668 909 712 arcana
936 650 1127 711 Macedonum

83 735 244 812 excepisse
262 734 336 814 visi,
367 732 493 792 classem
514 731 705 794 abduxerunt.
750 734 901 815 Philippus
925 736 1005 795 nullo
1029 735 1126 813 prohi·
1193 807 1196 814 Ι

81 820 171 879 bente
196 776 344 894 angustias
372 817 439 875 freti
461 817 606 877 liberavit.

168 900 266 977 Idem,
290 917 355 959 cum
377 898 593 960 Cherronesum
601 920 706 980 ,quae
726 903 795 961 iuris
813 891 1032 963 Atheniensium
1054 911 1127 977 erat,

83 1002 235 1064 occupare
256 984 478 1063 prohiberetur,
498 946 662 1046 tenentibus
685 988 834 1046 transitum
857 1005 915 1046 non
924 988 1127 1062 Byzantiorum

83 1079 211 1144 tantum,
231 1068 284 1128 sed
309 1067 489 1127 Rhodiorum
516 1079 686 1147 quoquest
710 1068 847 1130 Chiorum
867 1071 1005 1147 navibus,
1029 1072 1126 1130 conci·

82 1151 166 1214 liarit
193 1153 304 1212 animos
332 1169 432 1211 eorum
456 1152 607 1212 reddendo
638 1171 744 1228 naves,
776 1171 849 1231 quas
876 1164 1012 1231 ceperat,
1044 1155 1127 1232 quasi

83 1245 257 1316 sequestres
275 1236 385 1296 futuras
405 1235 582 1295 ordinandae
603 1239 684 1314 pacis
703 1238 777 1296 inter
797 1256 830 1296 se
850 1246 937 1316 atque
959 1237 1125 1312 Byzantios,

83 1323 134 1400 qui
157 1338 244 1381 causa
272 1319 343 1379 belli
367 1328 466 1380 erant:
489 1328 640 1398 tractaque
662 1339 716 1398 per
737 1340 870 1398 magnum
884 1330 1005 1399 ‘tempus
1027 1331 1126 1399 postu·

84 1406 213 1480 latione,
236 1422 300 1463 cum
321 1403 461 1463 industria
483 1403 607 1463 subinde
630 1405 738 1483 aliquid
765 1407 793 1464 in
815 1405 1031 1465 conditionibus.
1049 1415 1126 1466 rete·

82 1499 186 1565 xeret,
210 1487 336 1547 classem
357 1505 411 1565 per
431 1487 509 1547 idem
526 1497 640 1566 tempus
663 1490 849 1588 praeparavit
871 1508 964 1569 eaque
987 1492 1016 1549 in
1038 1510 1128 1568 angu-

83 1574 155 1633 stias
176 1572 244 1631 ireti
261 1573 403 1649 imparato
426 1571 512 1631 hoste
539 1572 650 1632 subitus
671 1575 772 1634 evasit.

171 1658 228 1716 14
171 1654 383 1716 lChabrias
403 1655 607 1732 Atheniensis,
635 1676 699 1718 cum
721 1658 803 1718 adire
832 1668 947 1738 portum
967 1660 1128 1718 Samiorum

82 1731 220 1801 obstante
242 1740 339 1799 navali
361 1739 487 1798 hostium
507 1702 655 1818 pracsidio
674 1760 732 1801 non
754 1752 874 1820 posset,
894 1761 1004 1821 paucas
1028 1761 1045 1802 e
1068 1743 1128 1800 suis

81 1825 207 1886 navibus
229 1832 347 1902 praeter
368 1833 483 1902 portum
505 1826 608 1884 missas
630 1828 713 1886 iussit
733 1828 857 1886 transire
865 1826 1058 1903 ,arbitratus,
1080 1827 1128 1904 qui

82 1912 112 1969 in
142 1910 267 1969 statione
298 1916 396 1983 erant,
426 1918 651 1986 persecuturos:
680 1913 775 1988 iisque
805 1929 860 1989 per
887 1911 945 1970 hoc
976 1910 1128 1969 consilium

83 1994 234 2068 avocatis,
267 1991 349 2075 nullo
383 1991 517 2053 obstante
552 2003 667 2071 portum
694 2013 757 2054 cum
785 1994 898 2072 reliqna
929 1994 1053 2070 adeptus
1083 1995 1129 2052 est

79 2079 195 2138 classe.

496 2240 643 2304 CAPUT
674 2244 710 2305 V.
903 2308 906 2313 ,

235 2376 281 2422 pu
304 2331 497 2422 ιιιιιιιιιιιιο
519 2375 574 2452 ux·
587 2374 688 2425 noers
716 2376 982 2425 orrrrcrnnrurs.

128 2552 131 2557 .
173 2496 200 2555 1.
225 2495 261 2568 Q.
281 2499 431 2559 Sertorius
453 2501 482 2558 in
502 2497 655 2574 Hispania,
676 2517 738 2557 cum
760 2516 775 2558 a
795 2507 881 2574 tergo
900 2498 1024 2557 instante
1042 2498 1128 2558 hoste

82 2583 191 2642 llumen
213 2582 340 2642 traicere
362 2592 488 2643 necesse
510 2580 650 2656 baberet,
673 2583 780 2642 vallum
802 2584 831 2641 iu
845 2584 908 2661 ripa
932 2583 993 2641 eius
1016 2584 1044 2642 in
1066 2599 1127 2640 mo·

83 2666 150 2726 dum
174 2683 267 2725 cavae
289 2667 375 2727 lunae
398 2667 480 2740 duxit
502 2675 532 2724 et
554 2675 704 2725 oneratum
726 2666 853 2725 materiis
874 2667 1016 2726 incendit:
1040 2676 1128 2744 atque

83 2751 122 2810 ita
151 2749 282 2810 exclusis
302 2751 435 2810 hostibus
457 2751 563 2809 llumen
584 2749 677 2810 libere
699 2759 901 2827 transgressus
922 2759 978 2810 est.

169 2831 199 2892 2¹·
223 2834 361 2895 Similiter
379 2834 535 2912 Pelopidas
558 2833 714 2894 Thebanus
738 2833 818 2894 bello
839 2834 1012 2894 Thessalico
1035 2844 1127 2894 trans·

82 2918 151 2977 itum
197 2920 352 2994 quaesivit.
404 2918 535 2996 Namque
568 2919 671 2977 castris
706 2918 876 2995 ampliorem
909 2918 1005 2978 locum
1040 2938 1128 2998 supra

81 3003 175 3080 ripam
198 3003 388 3081 complexus,
416 3002 523 3062 vallum
552 3002 679 3061 cervulis
708 3011 738 3060 et
763 3001 821 3061 alio
849 3005 988 3062 materiae
1017 3022 1129 3080 genere

83 3094 284 3146 constructum
311 3087 452 3147 incendit:
479 3085 604 3163 dumque
631 3085 745 3164 ignibus
779 3084 986 3146 submoventur
1014 3088 1127 3164 hostes,

81 3170 147 3248 ipse
169 3169 287 3230 lluviurn
309 3173 470 3247 superavit.

168 3253 199 3314 3
219 3253 396 3326 Q.Lutatius
417 3251 551 3328 Catulus,
576 3251 810 3314 cumaCrmbrrs
826 3254 928 3333 pulsus
944 3271 1029 3314 unam
1043 3272 1126 3332 spem

81 3337 185 3397 salutis
208 3338 347 3413 haberet,
372 3339 396 3397 si
420 3336 526 3398 llumen
548 3339 721 3413 liberasset,
744 3341 825 3398 cuius
847 3340 940 3418 ripam
962 3338 1063 3397 hostes
1084 3347 1126 3396 te-

80 3422 236 3498 nebant,'
226 3441 256 3481 ιιι
273 3425 406 3501 proximo
419 3432 517 3483 monte
537 3425 639 3502 copias
652 3423 795 3501 ostendit,
817 3432 965 3502 tamquam
977 3422 1140 3480 ihicasma
