2438 3848
82 157 424 209 srnaruaurmmcon
442 159 513 207 ura.
528 159 566 233 n.
584 157 842 207 cunm-mu.
857 159 908 207 111.
921 161 1045 208 rusus.
1085 148 1125 208 59

82 313 149 387 Qua
164 313 357 392 persuasione
369 313 511 390 digressis
527 312 594 373 inde
606 313 729 392 Parthis,
750 317 856 376 iustum
875 318 930 376 iter
948 316 1063 393 reliquo
1079 316 1126 374 die

83 400 147 457 sine
170 398 407 475 interpellatione
432 398 569 457 coniecit.

171 479 199 541 8.
244 480 411 560 Philippus,
441 483 469 540 in
491 480 582 560 Epiro
602 482 712 559 victus,
740 503 777 544 ne
804 484 963 562 fugientem
985 479 1049 542 eum
1069 480 1127 540 Ro·

82 567 159 625 mani
180 575 364 642 premerent,
391 565 521 625 inducias
543 565 578 625 ad
597 567 787 644 sepeliendos
803 571 851 648 qni
874 570 954 630 caesi
976 574 1059 626 erant
1078 566 1127 624 im·

84 651 231 728 patravit,
255 658 284 708 et
306 648 344 708 ob
358 650 394 735 'id
415 648 631 709 remissioribus
655 651 825 713 custodibus
848 655 952 713 evasit.

170 733 200 793 9.
245 732 275 791 Ρ.
295 731 449 805 Claudius,
469 734 565 793 navali
584 735 699 812 proelio
715 746 869 814 superatus
885 755 901 796 a
918 735 1040 809 Poenis,
1065 751 1129 792 cum

83 836 140 898 per
167 815 293 876 hostium
319 817 465 895 praesidia
492 835 619 877 necesse
652 818 774 881 haberet
800 838 971 901 erumpere,
1000 818 1128 896 reliquas

83 901 186 979 viginti
208 918 298 960 naves
321 910 465 979 tamqnam
487 902 627 962 victrices
648 904 731 983 iussit
752 907 863 973 ornari;
884 914 971 984 atque
993 905 1033 964 ita
1055 903 1128 962 Poe·

83 986 148 1064 nis,
174 985 402 1045 existimantibus
428 986 599 1064 superiores
623 987 715 1047 inisse
738 990 803 1049 acie
827 998 963 1067 nostros,
991 986 1129 1048 terribilis

85 1070 226 1129 excessit.

174 1152 221 1212 10.
266 1151 357 1211 Poeni
379 1151 476 1213 classe
497 1153 642 1230 superati,
666 1154 733 1231 quia
754 1154 907 1215 instantem
918 1166 1054 1215 avertere
1070 1154 1128 1214 llo·

82 1255 197 1297 manum
219 1235 392 1310 studebant,
418 1236 624 1295 simulaverunt
644 1238 673 1295 iu
692 1238 765 1298 vada
781 1256 871 1298 naves
890 1257 958 1299 suas
978 1239 1129 1314 incidisse,

82 1321 301 1397 haerentesque
331 1320 430 1378 imitati
454 1320 632 1396 effecerunt,
663 1330 693 1380 ut
716 1323 810 1382 victor
833 1340 934 1383 eorum
957 1324 1060 1383 timeus
1082 1340 1128 1382 ca·

83 1424 148 1464 sum
169 1405 292 1482 spatium
315 1403 351 1463 ad
374 1403 554 1464 evadendum
573 1404 665 1464 daret.

173 1488 220 1547 11.
266 1485 412 1546 Commius
440 1487 584 1564 AtrebaS,
618 1508 681 1548 cum
709 1490 804 1550 victus
834 1510 851 1552 a
879 1490 954 1552 Divo
988 1487 1062 1551 lulio
1092 1510 1130 1551 ex

83 1571 179 1633 Gallia
206 1573 234 1630 iu
256 1571 428 1631 Britanniam
456 1572 579 1649 lugeret
601 1583 630 1634 et
657 1574 733 1635 forte
764 1575 799 1634 ad
821 1574 969 1637 Oceanum
998 1576 1128 1636 secundo

82 1665 172 1716 vento
197 1655 311 1733 quidem
337 1656 390 1715 sed
416 1665 498 1716 aestu
521 1657 682 1718 recedente
703 1660 852 1736 venisset,
883 1663 1012 1738 quamvis
1039 1678 1130 1720 naves

83 1743 112 1799 in
140 1741 228 1800 siccis
257 1739 390 1799 litoribus
419 1741 591 1816 haererent,
621 1743 707 1821 pandi
738 1744 920 1804 nihilomiuus
947 1745 1015 1805 vela
1037 1746 1129 1803 iussit.

83 1823 168 1897 Quae
193 1841 258 1883 cnm
280 1842 462 1903 persequens
482 1844 546 1885 eum
567 1825 678 1886 Caesar
697 1845 735 1885 ex
761 1827 920 1906 longinquo
943 1830 1077 1888 tumentia
1102 1836 1131 1887 et

82 1908 153 1968 ilatu
174 1908 262 1988 plena
283 1907 421 1986 vidisset,
441 1919 520 1970 ratus
543 1927 690 1990 prospero
710 1910 764 1970 sibi
787 1912 861 1990 eripi
874 1929 971 1988 cursu,
994 1913 1130 1976 recessit.

497 2104 715 2114 μ--ι--ι-

378 2279 469 2375 llil.
495 2281 604 2377 llilll
625 2282 827 2379 lltlllllldl

166 2450 632 2583 suunuuommmoon
658 2454 797 2529 bruun
825 2454 1037 2529 nunnius

530 2594 694 2607 m

446 2683 768 2752 PRAEFATIO.

170 2825 203 2886 st
225 2826 340 2904 priores
355 2825 421 2886 libri
443 2827 658 2906 responderunt
675 2828 765 2888 titulis
781 2830 841 2888 suis
854 2837 883 2889 et
896 2828 1038 2889 lectorem
1059 2828 1129 2887 buc-

81 2929 178 2991 usque
208 2927 272 2970 cum
296 2911 463 2971 adtentione
485 2912 701 2990 perduxerunt,
731 2913 815 2972 edam
840 2930 916 2972 nunc
939 2914 1017 2972 circa
1038 2912 1129 2991 obpu-

81 2997 238 3075 gnationes
260 2994 374 3055 urbium
395 2995 643 3073 defensionesque
667 3005 891 3073 strategemata;
913 3014 970 3056 nec
993 2997 1131 3056 morabor

81 3081 142 3141 ulla
158 3079 397 3158 praelocutione,
419 3082 499 3159 prins
516 3080 673 3140 traditurus
696 3097 771 3158 quae
789 3079 992 3164 obpugnandis
1011 3080 1130 3141 urbibus

82 3165 146 3225 usui
174 3171 254 3240 suut,
284 3173 342 3223 tum
369 3182 444 3241 quae
474 3164 615 3225 obsessos
644 3166 788 3225 iustruere
811 3167 933 3244 possint.
977 3165 1130 3244 Depositis

82 3256 180 3309 autem
205 3247 346 3326 operibus
374 3258 404 3308 et
425 3248 679 3326 machinamentis,
694 3244 831 3330 'quorum
852 3250 972 3329 expleta
993 3252 1049 3310 iam
1072 3249 1129 3327 pri·

82 3332 148 3393 dem
163 3332 331 3392 inventione
352 3333 460 3394 nullam
475 3327 565 3411 ¹video
580 3333 655 3393 ultra
673 3334 774 3394 artium
790 3336 950 3412 materiam,
973 3334 1026 3396 bas
1051 3334 1131 3392 circa

82 3417 330 3497 expugnationem
351 3419 470 3497 species
493 3425 724 3495 stratagematon
746 3419 880 3480 fecimus.
