2438 3848
124 192 165 254 52
461 204 536 254 sax.
560 204 650 252 run11
668 203 843 252 uaourrru

211 361 238 418 7.
283 358 472 420 hannibalem
492 361 656 419 venientem
678 360 708 419 in
727 358 847 418 ltaliam
867 357 921 416 tria
943 357 1020 417 milia
1035 354 1176 436 Carpeta-

123 461 225 503 norum
247 444 442 522 reliquerunt:
473 461 547 522 quos
573 445 643 519 ille,
676 443 816 522 exemplo
845 461 882 502 ne
905 451 934 501 et
956 443 1050 501 ceteri
1072 459 1172 501 move-

123 538 239 605 rentur,
262 528 352 588 edixit
373 528 409 587 ab
433 546 465 588 se
489 546 558 589 esse
580 528 734 604 dimissos,
758 538 787 587 et
810 528 931 604 insuper
952 527 981 584 iu
1004 525 1090 586 iidem
1111 528 1174 586 eius

124 614 169 672 rei
195 630 306 691 paucos
330 612 497 672 levissimae
522 629 634 691 operae
657 613 760 673 domos
781 612 901 670 remisit.

209 696 239 757 8.
284 697 317 758 t.
339 696 494 771 Lucullus,
525 715 589 756 cum
615 697 868 758 animadvertisset
890 692 1068 753 Macedonas
1092 694 1173 770 equi·

123 791 187 854 te‘s,
222 798 296 858 quos
314 782 355 856 ,in
384 779 492 839 auxilio
520 781 664 856 habebat,
695 779 790 840 subito
821 796 968 838 consensu
997 777 1033 837 ad
1058 777 1172 837 hostem

123 865 327 942 transfugere,
349 866 431 941 signa
457 882 564 925 canere
585 867 668 926 iussit
689 874 718 924 et
740 874 864 938 turmas,
888 880 963 940 quae
988 878 1042 921 eos
1065 879 1171 940 seque-

68 948 69 955 ’
123 957 239 1024 rentur,
267 950 391 1009 immisit.
436 948 552 1025 Hostis,
582 951 721 1009 committi
746 947 890 1027 proelium
916 955 1012 1022 ratus,
1045 945 1170 1005 transiu-

122 1033 238 1109 gientes
251 1033 318 1093 telis
335 1034 461 1112 excepit.
507 1033 703 1110 Macedones,
728 1050 791 1092 cum
810 1030 943 1090 viderent
961 1047 1058 1109 neque
1077 1031 1169 1107 recipi

123 1135 157 1176 se
174 1117 210 1176 ab
230 1118 406 1178 adversariis
426 1125 456 1177 et
478 1120 571 1197 premi
591 1117 695 1193 abiis,
720 1133 794 1195 quos
818 1113 1011 1191 deserebant,
1031 1132 1168 1174 necessa-

122 1202 167 1260 rio
190 1201 226 1262 ad
249 1203 353 1262 iustum
376 1201 519 1279 proelium
542 1202 678 1262 conversi
700 1200 815 1259 hostem
837 1200 1013 1258 invaserunt.

208 1286 238 1346 9.
282 1285 420 1346 Datames
445 1286 503 1346 dux
525 1285 679 1346 Persarum
707 1285 849 1345 adversus
871 1281 1113 1360 Autophradaten
1141 1284 1169 1341 in

123 1367 329 1448 Cappadocia,
358 1389 422 1429 com
451 1379 563 1446 partem
587 1372 714 1447 equitum
741 1384 859 1427 suorum
881 1366 1067 1443 transfugere
1090 1384 1168 1426 com·

122 1455 267 1531 perisset,
294 1462 412 1512 ceteros
443 1470 545 1511 omnes
569 1455 670 1512 venire
697 1471 798 1512 secum
824 1452 924 1519 iussit;
952 1451 1168 1530 adsecutusque

121 1536 286 1612 transfugas
320 1537 522 1611 conlaudavit,
552 1537 630 1616 quod
664 1554 729 1595 eom
757 1537 894 1596 alacriter
920 1537 1167 1613 praecessissent,

121 1620 312 1698 hortatusque
341 1628 386 1678 est
413 1636 468 1679 eos
497 1621 599 1695 etiam,
629 1628 660 1679 ut
686 1620 802 1680 fortiter
832 1619 947 1679 hostem
971 1619 1165 1680 adorirentur.

121 1702 218 1762 Pudor
232 1702 389 1780 transfugis
407 1703 508 1763 adtulit
522 1705 747 1782 poenitentiam,
770 1713 799 1763 et
815 1704 966 1763 consilium
985 1722 1076 1780 suum,
1101 1706 1166 1782 quia

120 1804 177 1845 non
198 1787 338 1864 putabant
360 1788 591 1866 deprehensum,
612 1796 804 1848 mutaverunt.

207 1872 256 1933 10.
301 1872 335 1931 T.
367 1872 518 1947 Quinctius
546 1870 726 1951 Capitolinus
756 1870 875 1948 consul,
906 1870 1077 1931 cedentibus
1106 1871 1164 1930 Ro·

119 1958 228 2033 manis,
255 1959 408 2017 ementitus
430 1966 476 2017 est
498 1959 527 2016 in
546 1957 640 2018 altero
664 1974 755 2015 comu
778 1956 880 2016 hostes
903 1954 1039 2032 fugatos,
1070 1957 1162 2015 etita

120 2042 296 2101 confirmatis
319 2044 378 2102 suis
397 2044 548 2102 victoriam
568 2041 676 2101 retulit.

206 2128 254 2186 11.
298 2125 336 2185 Μ.
364 2125 471 2185 fabius
499 2127 641 2186 adversus
673 2122 835 2198 Etruscos,
866 2122 1018 2182 vulnerato
1046 2120 1164 2199 collega

117 2207 241 2283 Manlio,
271 2212 320 2287 qui
341 2212 486 2269 sinistrum
509 2227 599 2269 cornu
624 2209 766 2284 ducebat,
794 2216 824 2267 et
844 2205 882 2266 ob
902 2206 932 2265 id
953 2213 1037 2285 parte
1057 2223 1092 2264 ea
1115 2224 1163 2265 ce-

32 2360 34 2365 ,
117 2293 223 2366 dente,
251 2310 317 2352 cum
344 2295 429 2354 etlam
452 2294 581 2353 occisum
601 2293 755 2353 crederent
778 2290 944 2366 consulem,
974 2307 1039 2348 com
1062 2292 1162 2349 turmis

118 2376 245 2453 equitum
270 2378 414 2450 occurrit,
439 2376 589 2435 clamitans
611 2385 640 2437 et
659 2377 806 2452 collegam
825 2376 926 2434 vivere
950 2383 1033 2434 etse
1057 2373 1162 2434 dextro

117 2476 209 2519 cornu
222 2460 342 2519 vicisse.
371 2457 434 2532 Qua
449 2461 609 2525 constantia
620 2461 825 2537 redintegratis
838 2460 938 2518 animis
951 2475 1068 2517 suorum
1081 2459 1160 2518 vicit.

204 2541 253 2602 12.
298 2541 404 2602 illarius
426 2543 567 2603 adversus
585 2542 719 2603 Gimbros
739 2553 769 2605 et
791 2542 958 2618 Teutonos,
981 2560 1046 2601 cum
1068 2551 1161 2602 meta·

116 2635 198 2686 tores
221 2629 283 2686 eius
307 2644 361 2704 per
383 2627 603 2703 imprudentiam
630 2629 668 2687 ita
694 2629 797 2688 castris
820 2626 916 2686 locum
942 2628 1108 2703 cepissent,
1131 2635 1162 2685 ut

115 2711 169 2770 sub
192 2718 339 2788 potestate
361 2709 552 2770 barbarorum
573 2721 653 2771 esset
672 2730 762 2790 aqua,
786 2710 981 2788 flagitantibus
1005 2728 1068 2769 eam
1088 2713 1160 2784 suis,

115 2796 206 2872 digito
231 2795 344 2854 hostem
367 2795 543 2871 ostendens,
573 2796 674 2871 lllinc,
705 2797 809 2874 inquit,
839 2795 967 2873 petenda
994 2802 1048 2853 est.
1096 2794 1161 2869 Quo

114 2880 250 2939 instinctu
272 2879 428 2938 adsecutus
449 2889 510 2956 est,
534 2889 565 2940 ut
588 2889 727 2959 protenus
750 2877 867 2939 barbari
890 2879 1073 2938 tollerentur.

203 2962 251 3023 13.
297 2961 331 3022 Τ.
353 2962 496 3024 Labienus
515 2973 584 3042 post
602 2963 798 3024 Pharsalicam
820 2981 962 3041 pugnam,
981 2981 1052 3021 cum
1074 2966 1161 3024 victis

113 3045 244 3124 partibus
267 3045 479 3121 Dyrrhachium
500 3049 677 3126 refugisset,
700 3048 815 3106 miscuit
836 3065 908 3107 vera
930 3047 1012 3107 falsis
1034 3056 1080 3122 et,
1103 3066 1162 3108 non

115 3129 213 3189 celato
237 3132 316 3190 exitu
342 3150 475 3210 pugnae,
506 3140 658 3211 aequatam
681 3132 803 3209 partium
825 3131 969 3191 fortunam
991 3133 1076 3208 gravi
1097 3133 1161 3192 vul·

113 3232 185 3273 nere
207 3210 344 3275 Caesaris
364 3216 459 3276 linxit:
485 3225 513 3276 et
533 3217 588 3276 hac
613 3215 833 3275 adsimulatione
855 3215 987 3295 reliquiis
1007 3214 1161 3295 Pompeia-

112 3316 212 3358 narum
234 3301 356 3378 partium
379 3300 512 3361 fiduciam
533 3300 615 3360 fecit.

199 3384 247 3443 14.
293 3383 331 3443 bl.
348 3382 437 3459 Cato,
463 3402 527 3444 oum
539 3382 723 3444 Ambraciam
745 3401 782 3444 eo
803 3393 956 3463 tempore,
978 3401 1036 3462 quo
1058 3388 1161 3445 sociae

111 3486 201 3528 naves
232 3467 268 3528 ab
291 3467 408 3528 Aetolis
431 3467 687 3546 obpugnabantur,
716 3467 884 3548 imprudens
909 3484 965 3528 uno
989 3468 1087 3529 lembo
1111 3470 1161 3531 ad·
