2438 3848
218 189 266 237 ou
288 188 405 250 aquas
427 189 600 238 oucrucus
622 189 725 238 uanus
747 189 869 239 nonna
891 190 1007 238 maun.
1074 177 1134 239 127

87 345 176 404 detur
204 344 386 419 admovisse,
418 354 572 422 postquam
606 344 749 404 Anionem
782 344 895 404 Novum
929 355 958 405 et
985 343 1133 406 Claudiam

86 429 208 488 induxit.
254 428 331 501 Quid
353 430 498 487 contineat
522 429 664 506 epistola,
694 430 788 488 vilicis
809 429 872 488 fieri
896 447 1013 509 quoque
1035 440 1133 490 notum

86 512 194 587 debet,
223 531 260 571 ne
290 513 404 590 quando
431 513 646 589 neglegentiam
669 523 717 572 aut
739 514 869 572 fraudem
894 532 973 572 suam
998 517 1132 591 ignoran-

87 599 147 656 tiae
174 597 276 655 colore
296 596 461 657 defendant.
506 596 681 656 Procurator
703 598 826 656 calicem
846 599 909 657 eius
930 598 1056 672 moduli,
1084 599 1133 675 qui

86 681 176 760 lupuit
199 682 385 758 impetratus,
418 679 552 739 adhibitis
573 680 759 740 libratoribus
783 683 892 757 signari
914 683 1041 757 cogitet,
1070 682 1133 740 dili·

86 760 339 842 genter'intendat
359 783 572 838 mensurarum,
601 783 672 843 quas
693 767 938 843 supradiximus,
967 766 1082 825 modum
1105 775 1134 824 et

87 867 187 908 earum
215 850 344 907 notitiam
367 848 489 906 habeat:
518 867 555 906 ne
581 849 618 907 sit
639 850 667 907 in
690 847 809 908 arbitrio
832 850 1016 925 libraturum,
1045 851 1132 908 inter·

86 935 153 993 dum
174 933 291 991 maioris
310 932 422 991 luminis
439 932 580 990 interdum
595 933 731 1008 minoris,
756 950 809 1011 pro
824 937 917 1010 gratia
931 952 1132 1013 personarum,

85 1017 209 1076 calicem
230 1016 367 1093 probare.
413 1016 473 1075 Sed
495 1034 552 1074 nec
572 1018 667 1074 statim
689 1017 724 1076 ab
746 1017 803 1076 hoo
825 1017 948 1077 liberum
972 1018 1133 1078 subiciendi

86 1102 327 1179 qualemcumque
355 1099 519 1178 plumbeam
541 1099 664 1159 listulam
684 1102 864 1178 permittatur
886 1102 1050 1177 arbitrium,
1081 1121 1132 1160 ve·

85 1204 149 1244 rum
177 1185 307 1244 eiusdem
335 1184 463 1258 luminis,
498 1201 556 1262 quo
590 1184 667 1243 calix
699 1185 828 1260 signatus
861 1194 922 1259 est,
956 1204 1010 1263 per
1040 1186 1132 1263 pedes

86 1270 311 1347 quinquaginta,
341 1270 416 1327 sicut
445 1277 562 1328 senatus
592 1269 745 1343 consulto,
775 1269 854 1347 quod
883 1269 1044 1328 subiectum
1075 1279 1131 1343 est,

86 1364 217 1414 cavetur.

175 1438 244 1498 too.
290 1452 386 1510 quon
423 1452 456 1510 q,
487 1450 612 1497 numos
646 1449 802 1514 nocuum,
843 1449 976 1496 paunus
1006 1450 1131 1498 ramos

85 1535 245 1582 MAXIMUS
280 1536 373 1583 OOSS.
405 1537 438 1582 V.
454 1536 502 1599 R,
542 1534 710 1593 QUOSDAM
746 1534 919 1581 PRIVA'I'OS
955 1535 1002 1580 EX
1039 1534 1131 1582 RIVIS

85 1619 244 1666 PUBLICIS
266 1621 389 1679 AQUAM
404 1620 559 1684 DUCERE,
583 1619 615 1677 Q.
628 1621 664 1667 D.
677 1620 709 1666 E.
722 1621 754 1665 R.
768 1619 799 1664 F.
812 1621 842 1665 P.
858 1620 893 1665 D.
905 1619 937 1665 E.
950 1621 982 1666 R.
997 1621 1018 1666 Ι.
1033 1619 1063 1666 0.
1085 1619 1131 1666 NE

86 1704 143 1749 out
158 1704 310 1751 Potvuuo
326 1704 450 1762 nouum
464 1704 603 1751 Ducunt]
619 1705 666 1750 ux
680 1704 771 1750 R1vts
788 1703 948 1751 Puoutcus
965 1704 1130 1751 LICERET:

84 1788 216 1845 UTIQUE
240 1788 356 1835 OMNES
380 1790 421 1854 11,
446 1790 571 1848 QUIBUS
592 1789 710 1847 Aquam
734 1788 924 1834 DuchDAE
947 1789 1002 1836 Ius
1025 1789 1132 1836 ussum

84 1872 219 1936 DATUM,
238 1872 285 1917 ux
298 1872 485 1919 ousuunms
498 1871 694 1935 Ducunuuu,
712 1871 1132 1931 nuumnovuuuunuuuquu

86 1956 290 2002 ouunuouus
306 1956 492 2019 Aounnum,
510 1955 634 2013 QUIBUS
650 1954 751 2000 Locus
762 1955 870 1999 INTRA
882 1955 1000 2000 Exuun
1011 1957 1132 2003 uanum

84 2040 176 2086 ΑΡΤΕ
202 2039 380 2085 CnsuELLA
408 2038 551 2084 Putvnul
577 2037 714 2084 uacuum
737 2036 906 2101 possmus,
935 2039 982 2083 ux
1005 2039 1130 2097 QUIBUS

84 2123 209 2182 AQUAM
249 2123 457 2186 DUCERENT,
501 2121 599 2179 QUAM
633 2121 680 2166 EX
716 2119 896 2167 CASTELLO
933 2121 1132 2172 COMMUNEM

84 2205 321 2254 ncouptssuuu
334 2207 357 2252 A
373 2204 613 2252 ouunuoltluus
631 2204 815 2262 AQUARUrn:
840 2205 910 2251 NEU
928 2205 984 2251 out
999 2206 1131 2273 uoltum,

84 2290 212 2350 QUIBUS
252 2291 347 2349 AQUA
383 2289 548 2335 DARETUR
587 2288 759 2353 PUBLICA,
797 2289 851 2336 IUS
884 2289 991 2336 ESSET
1023 2292 1132 2338 INTRA

85 2375 352 2434 QUINQUAGINTA
379 2373 490 2420 PEDES
519 2360 598 2420 EIUS
626 2371 811 2439 casuum,
843 2374 890 2421 Ex
916 2374 986 2432 Quo
1009 2376 1131 2435 nouum

83 2458 286 2526 DUCERENT,
317 2459 503 2507 LAXIOREM
523 2457 700 2505 FISTULAM
722 2458 906 2522 SUBICERE,
935 2461 1033 2520 QUAM
1057 2461 1130 2521 QUI-

83 2545 229 2592 NARIAM.
252 2533 348 2592 -In
369 2533 427 2591 boc
450 2540 569 2590 senatus
590 2530 723 2589 consulto
739 2530 854 2607 dignum
872 2532 1057 2592 adnotatione
1075 2542 1130 2607 est,

84 2616 163 2692 quod
187 2634 290 2694 aquam
312 2635 370 2676 non
392 2617 447 2675 nisi
471 2634 508 2674 ex
532 2614 656 2674 castello
679 2615 745 2674 duci
770 2617 925 2692 permittit,
950 2635 986 2674 ne
1009 2627 1057 2677 aut
1076 2619 1130 2675 rivi

83 2708 131 2758 aut
154 2701 267 2759 fistulae
291 2703 426 2779 publicae
449 2699 621 2777 frequenter
641 2699 819 2757 lacerentur.

172 2782 242 2841 107.
287 2784 335 2843 lus
355 2787 526 2863 impetratae
550 2801 644 2861 aquae
664 2799 760 2859 neque
781 2782 921 2840 heredem
940 2800 1036 2859 neque
1050 2801 1129 2861 emp·

83 2879 177 2927 torem
208 2866 304 2945 nequ'e
333 2869 422 2928 ullum
456 2885 561 2926 novum
589 2868 733 2926 dominum
768 2866 952 2944 praediorum
987 2868 1127 2943 sequitur.

82 2951 217 3026 Balneis,
247 2970 322 3030 quae
347 2952 465 3031 publice
495 2952 642 3025 lavarent,
675 2950 860 3028 privilegium
882 2951 1037 3027 antiquitus
1061 2967 1129 3009 oon·

84 3035 261 3111 cedebatur,
295 3046 325 3095 ut
353 3036 446 3096 semel
473 3036 538 3095 data
566 3053 640 3112 aqua
668 3043 813 3111 perpetuo
835 3044 976 3094 maneret.
1021 3037 1071 3096 Sic
1092 3054 1130 3095 ex

81 3118 231 3191 veteribus
266 3131 384 3181 senatus
416 3119 557 3179 consultis
587 3119 810 3194 cognoscimus,
845 3136 883 3176 ex
912 3119 1015 3195 quibus
1045 3141 1130 3180 unum

82 3203 203 3269 subieci.
250 3205 333 3265 Nunc
361 3205 453 3264 omnis
479 3221 572 3280 aquae
594 3220 658 3261 cum
683 3218 861 3279 possessore
882 3204 1056 3265 instauratur
1078 3206 1128 3266 be-

80 3287 225 3347 nelioium.
257 3333 261 3339 .

170 3373 240 3433 108.
286 3388 383 3448 ouon
423 3385 456 3444 c.
488 3383 614 3431 auarus
645 3385 804 3451 ausano,
837 3386 972 3435 rannus
1004 3385 1129 3432 uacuus

82 3470 244 3519 MAXIMUS
271 3471 365 3520 COSS.
388 3471 421 3519 V.
438 3469 486 3535 R,
516 3469 703 3519 consutum
727 3470 929 3536 oronuuttu,
958 3470 1027 3537 QUO
1046 3469 1130 3516 IURE
