2438 3848
441 200 518 251 SEX.
541 201 630 251 IULII
650 200 820 253 unctium

485 354 637 419 CAPUT
657 356 787 420 xviii.

357 486 405 534 nn
428 486 652 538 consanum
670 486 908 539 ossnssounm.

200 612 228 670 1.
268 608 407 687 Romani,
436 611 590 673 adsidente
616 607 771 669 moenibus
796 606 977 687 Hannibale,
1007 618 1157 672 ostentan-

111 695 167 755 dae
183 694 307 755 fiduciae
321 696 415 772 gratia
430 696 665 774 supplementum
680 692 871 771 exercitibus,
891 710 968 774 qnos
978 693 1008 754 ln
1019 694 1159 777 Hispania

111 778 277 854 habebant,
299 778 416 841 diversa
437 789 522 857 porta
542 780 693 840 miserunt.

197 861 227 919 2.
267 823 361 922 'iidem
384 880 502 941 agrum,
528 864 557 924 in
579 878 639 943 qno
661 868 758 923 castra
776 858 920 923 Hannibal
941 860 1088 939 habebat,
1107 862 1157 925 de·

112 944 213 1006 iuncto
237 944 316 1007 forte
343 946 460 1007 domino
482 948 616 1008 venalem
643 946 681 1007 ad
708 944 739 1005 id
760 945 886 1023 pretium
908 944 1026 1007 licendo
1049 947 1158 1028 perdu-

112 1038 235 1107 xerunt,
257 1046 315 1109 qno
337 1030 363 1091 is
384 1049 458 1111 ager
482 1040 548 1092 ante
569 1030 679 1093 bellum
699 1030 843 1089 venierat.
910 1059 926 1087 .-,.
952 1047 961 1063 ⁴

198 1113 229 1175 3.
269 1112 378 1193 Iidem,
400 1116 523 1177 dumab
545 1114 707 1176 Hannibale
728 1112 917 1190 obsidentur,
937 1113 1048 1193 stipsi
1068 1112 1171 1177 obse-'⁸

114 1198 218 1261 derunt
234 1196 363 1297 (lappam
381 1200 651 1280 decreveruntque,
673 1214 711 1259 ne
730 1198 787 1307 nisi¹
807 1206 894 1278 capto
910 1214 946 1261 ca
965 1202 1159 1283 revocaretur

113 1282 181 1345 inde
203 1284 363 1344 exercitus.
747 1328 750 1333 -

527 1444 741 1457 .....-..-.-.----

415 1635 506 1734 sm
526 1636 634 1737 llllll
652 1634 855 1733 littlllllll
994 1638 1021 1685 ‘⁸'

150 1891 162 1918 ,
196 1818 660 1899 snmnscuunnmou
679 1820 818 1896 urana
841 1820 1072 1909 conanus

551 2019 702 2029 -0-——2

479 2122 796 2189 PRAEFATIO.

199 2277 289 2338 llulta
312 2277 441 2338 lectione
460 2276 631 2357 conquisitis
646 2277 902 2355 strategematibus
921 2288 951 2338 ct
972 2297 1030 2338 non
1050 2283 1160 2359 exiguo

116 2362 256 2440 scrupulo
272 2361 413 2439 digestis,
435 2370 467 2421 ut
488 2361 662 2440 promissum
678 2362 762 2421 trium
781 2360 922 2423 librorum
944 2364 1116 2442 implerem,
1136 2367 1162 2426 si

115 2447 203 2506 modo
231 2444 366 2524 implevi,
393 2446 422 2503 in
450 2445 508 2504 hoc
536 2444 684 2505 exhibebo
713 2464 768 2520 ca,
800 2463 875 2525 quac
896 2465 996 2525 parum
1017 2456 1085 2526 apte
1109 2449 1160 2510 dc·

118 2530 268 2609 scriptioni
294 2529 422 2607 priorum
447 2529 482 2588 ad
505 2529 638 2607 speciem
659 2529 786 2606 adligata
811 2530 915 2591 subiici
938 2530 1113 2592 videbantur
1131 2543 1162 2594 et

117 2622 199 2675 crant
215 2612 350 2690 exempla
367 2614 463 2690 potius
485 2614 666 2689 strategicon
682 2631 765 2692 quam
786 2616 1061 2692 strategematicon:
1085 2635 1162 2696 quae

115 2699 228 2758 idcirco
252 2697 405 2775 separavi,
430 2698 514 2776 quia,
538 2698 669 2775 quamvis
693 2696 783 2774 clara,
803 2698 939 2759 diversae
961 2707 1059 2759 tamen
1078 2711 1163 2761 erant

117 2780 312 2855 substantiae,
335 2798 390 2855 ne,
414 2781 505 2859 siqui
526 2781 603 2841 forte
626 2783 654 2841 in
677 2781 774 2861 aliqua
797 2797 835 2842 ex
853 2781 897 2843 his
913 2783 1101 2860 incidissent,
1123 2787 1162 2844 si·

117 2865 277 2926 militudine
292 2864 401 2924 inducti
417 2866 624 2943 praetermissa
639 2866 836 2943 opinarentur.
871 2865 909 2927 Et
925 2885 1063 2928 sanares
1079 2869 1164 2929 velut

116 2950 234 3009 residua
256 2949 440 3027 expedienda
460 2949 528 3010 fuit:
549 2951 578 3009 in
596 2967 653 3028 qua
670 2950 746 3010 sicut
766 2959 851 3012 antea
872 2950 1002 3012 ordinem
1019 2969 1075 3030 per
1094 2970 1162 3033 spo·

119 3034 180 3094 cies
201 3051 323 3093 servare
346 3033 486 3094 conabor.

202 3115 225 3177 l
269 3115 315 3176 De
336 3116 501 3196 disciplina.

190 3199 225 3260 ll
268 3199 315 3261 De
336 3200 444 3262 ellectu
466 3203 648 3285 disciplinae.

175 3284 225 3344 lll.
270 3282 316 3344 De
338 3286 523 3347 continentia.

177 3367 226 3427 lV.
271 3366 317 3428 De
343 3369 459 3430 iustitia.

191 3451 227 3511 V.
272 3450 318 3513 lle
340 3453 511 3514 constantia.
