2438 3848
84 155 124 217 58
420 166 496 215 anx.
516 168 603 216 loun
623 167 795 216 sucurrur

82 322 206 383 baberet
229 323 475 402 explorassetque
496 323 629 383 Thracas
646 341 683 382 ex
707 321 849 399 collibus,
881 339 936 400 per
958 338 1033 400 quos
1055 341 1128 382 uuus

83 417 146 467 erat
178 408 357 484 descensus,
383 417 470 467 nocte
494 408 530 468 ad
557 408 717 486 diripienda
740 416 836 467 castra
864 415 1024 482 venturos,
1054 407 1130 467 olam

83 491 164 551 duxit
182 495 342 552 exercitum
364 501 393 553 et
416 494 444 551 in
465 501 590 570 utroque
613 493 679 551 viae
701 492 814 566 latere,
841 509 895 569 per
918 509 1003 568 quam
1025 493 1128 550 transi-

83 577 138 635 turi
166 585 248 635 erant
275 577 423 652 Thraces,
450 576 631 636 distributum
661 576 843 641 conlocavit:
876 575 1050 653 hostemque
1078 574 1128 634 de·

85 670 249 719 currentem
272 663 301 720 in
325 670 434 735 castra,
454 661 483 718 iu
501 660 605 738 quibus
623 659 704 719 multi
725 661 809 736 ignes
830 677 885 736 per
904 676 1063 738 paucorum
1080 677 1127 718 cu·

83 762 144 803 ram
170 746 290 804 instituti
318 745 448 822 speciem
477 747 619 804 manentis
645 744 686 804 ibi
707 743 895 805 multitudiuis
915 743 1129 820 servabant,a

84 827 224 888 lateribus
248 830 366 889 adortus
391 829 550 908 obpressit.

471 995 619 1057 CAPUT
651 994 745 1055 xttt.

449 1129 497 1175 on
526 1125 764 1175 neruorsuoo.

171 1250 199 1308 1.
245 1249 339 1327 Galli,
361 1252 515 1330 pugnaturi
536 1268 599 1309 cum
618 1248 734 1325 Attalo,
758 1267 857 1308 aurum
877 1265 960 1308 omne
977 1257 1007 1309 et
1025 1267 1130 1326 argen-

85 1342 142 1392 tum
159 1333 248 1392 certis
264 1335 434 1396 custodibus
447 1334 640 1408 tradiderunt,
660 1351 676 1393 a
690 1333 812 1411 quibus,
834 1334 859 1391 si
872 1334 935 1393 acie
948 1331 1005 1391 fusi
1017 1342 1129 1407 essent,

84 1427 291 1493 spargeretur,
321 1436 379 1496 quo
408 1418 522 1478 facilius
548 1418 717 1495 colligenda
740 1417 849 1496 praeda
872 1417 987 1478 bostem
1009 1417 1129 1497 impedi-

84 1509 141 1558 tum
161 1501 335 1576 effugerent.

170 1599 199 1658 2.
245 1600 384 1680 Tryphon
407 1601 511 1676 Syriae
530 1620 599 1676 rex,
629 1601 723 1660 victus
749 1620 805 1680 per
826 1610 917 1661 totum
936 1602 992 1661 iter
1013 1603 1130 1681 fugiens

84 1686 384 1829 fgsoubbamqsparsst’
408 1704 529 1764 eamque
550 1685 690 1745 sectando
704 1684 840 1804 dntiochi
861 1688 975 1764 equites
998 1689 1130 1748 immora-

153 1788 210 1912 θ3.11
213 1788 282 1928 glb.
305 1855 470 1931 Sertorius,
492 1855 594 1934 pulsus
613 1854 677 1914 acie
701 1873 718 1914 a
740 1853 776 1927 Q.
797 1853 919 1914 Metello
943 1854 1006 1931 Pio,
1029 1874 1067 1915 ue
1089 1855 1130 1914 iu·

85 1956 152 2014 gam
181 1940 297 2017 quidem
322 1939 377 1999 sibi
404 1949 493 2000 tutam
526 1938 697 2014 arbitratus,
727 1939 807 1999 abire
838 1940 990 2017 dispersos
1024 1940 1132 2000 milites

85 2024 187 2099 iussit,
209 2025 370 2084 admonitos
394 2028 421 2085 in
445 2042 530 2103 quem
552 2024 648 2083 locum
672 2023 763 2083 vellet
784 2024 953 2082 convenire.

171 2127 200 2185 4.
242 2127 406 2202 Viriathus,
427 2126 485 2185 dux
496 2124 711 2200 Lusitanorum,
734 2126 835 2203 copias
855 2133 969 2184 nostras
985 2122 1131 2184 iocorum·

88 2227 145 2287 que
172 2210 352 2289 iniquitatem
380 2212 473 2270 evasit
499 2209 601 2268 eadem
624 2228 681 2290 qua
703 2209 851 2269 Sertorius
873 2211 1002 2283 ratione,
1026 2225 1131 2287 sparso

88 2295 238 2370 exercitu,
262 2293 368 2357 deinde
386 2293 562 2352 recollecto.

173 2394 202 2452 5.
248 2392 385 2452 Horatius
402 2390 527 2466 Cocles,
551 2404 694 2470 urguente
710 2394 859 2455 Porsenae
877 2392 1027 2466 exercitu,
1050 2393 1133 2451 iussit

87 2493 157 2536 suos
179 2495 234 2555 per
257 2485 375 2554 pontem
397 2476 494 2534 redire
516 2478 545 2535 iu
561 2478 663 2537 urbem
682 2495 827 2555 eumque,
852 2495 889 2536 ue
911 2479 946 2536 ed
969 2475 1131 2554 subseque-

88 2570 168 2621 retur
192 2560 301 2636 hostis,
325 2559 517 2619 intercidere:
540 2562 619 2638 quod
642 2563 707 2622 dum
730 2562 871 2633 efficitur,
900 2560 928 2619 iu
951 2560 1048 2637 capite
1071 2560 1132 2618 eius

88 2653 291 2724 propugnator
316 2645 380 2721 ipse
408 2645 597 2722 insequentes
625 2647 755 2710 detinuit,
800 2644 907 2704 Audito
930 2645 1056 2724 denique
1077 2644 1132 2703 ira·

89 2746 163 2805 gone
183 2729 279 2806 pontis
302 2724 432 2806 abr'upti,
459 2728 566 2789 deiecit
588 2748 621 2790 se
643 2732 671 2790 in
693 2732 824 2807 alveum,
848 2747 972 2807 eumque
995 2728 1025 2787 iu
1048 2729 1133 2788 armis

90 2822 120 2872 et
140 2812 310 2872 vulneribus
334 2822 470 2872 oneratus
494 2817 662 2874 transnavit.

175 2912 204 2972 6.
245 2911 380 2971 Afranius
400 2913 429 2971 iu
449 2913 586 2992 Hispania
604 2914 639 2975 ad
655 2914 797 2989 Ilerdam,
820 2931 884 2972 cum
908 2911 1068 2974 Caesarem
1090 2913 1133 2972 iu·

88 3005 193 3074 geret,
222 2998 346 3056 instante
374 3014 411 3056 eo
431 3008 528 3059 castra
549 3000 660 3077 posuit:
691 2999 852 3058 cumidem
877 2997 989 3058 Caesar
1011 2997 1135 3057 iecisset

90 3090 120 3140 et
141 3079 307 3158 pabulatum
327 3099 396 3140 suos
416 3084 559 3159 misisset,
583 3083 633 3142 ille
652 3083 764 3159 signum
784 3091 908 3162 repente
924 3082 1021 3141 itineri
1044 3081 1132 3141 dedit.

176 3185 205 3243 7.
253 3183 412 3260 Antonius,
438 3203 502 3243 cum
524 3203 562 3243 ex
579 3183 691 3244 Parthis
714 3183 771 3242 sibi
790 3183 961 3243 instantibus
984 3183 1136 3262 reciperet

90 3267 252 3327 exercitum
273 3278 318 3344 et,
348 3270 483 3347 quotiens
503 3271 595 3347 prima
617 3269 683 3328 luce
705 3277 856 3342 moveret,
878 3270 985 3327 totiens
1008 3285 1134 3344 urguen-

90 3352 167 3412 tibus
194 3351 382 3412 barbarorum
406 3355 520 3430 sagittis
551 3352 739 3412 infestaretur
768 3352 932 3412 abeuntium
960 3369 1084 3430 agmen,
1107 3352 1136 3410 iu

10 3438 13 3444 '
91 3438 217 3517 quintam
243 3437 342 3498 boram
370 3439 510 3497 continuit
540 3454 610 3497 suos
640 3447 668 3497 et
690 3436 776 3497 iidem
799 3454 835 3497 eo
859 3437 1029 3498 stativorum
1053 3436 1134 3496 iecit.
