<?xml version="1.0" encoding="UTF-8"?>
<!DOCTYPE html PUBLIC "-//W3C//DTD XHTML 1.0 Transitional//EN"
    "http://www.w3.org/TR/xhtml1/DTD/xhtml1-transitional.dtd">
<html xmlns="http://www.w3.org/1999/xhtml" xml:lang="en" lang="en">
 <head>
  <title>
</title>
<meta http-equiv="Content-Type" content="text/html;charset=utf-8" />
  <meta name='ocr-system' content='tesseract 3.04.00' />
  <meta name='ocr-capabilities' content='ocr_page ocr_carea ocr_par ocr_line ocrx_word'/>
</head>
<body>
  <div class='ocr_page' id='page_1' title='image "./strategematicon00dedegoog_0096.png"; bbox 0 0 2438 3848; ppageno 0'>
   <div class='ocr_carea' id='block_1_1' title="bbox 193 152 1107 214">
    <p class='ocr_par' dir='ltr' id='par_1_1' title="bbox 193 152 1107 214">
     <span class='ocr_line' id='line_1_1' title="bbox 193 152 1107 214; baseline 0.001 -1"><span class='ocrx_word' id='word_1_1' title='bbox 193 163 536 214; x_wconf 77' lang='lat' dir='ltr'><strong>sunanuounnurcou</strong></span> <span class='ocrx_word' id='word_1_2' title='bbox 557 165 628 213; x_wconf 83' lang='lat' dir='ltr'><strong>cra.</strong></span> <span class='ocrx_word' id='word_1_3' title='bbox 646 165 697 212; x_wconf 89' lang='lat'><strong>111.</strong></span> <span class='ocrx_word' id='word_1_4' title='bbox 722 165 796 214; x_wconf 79' lang='lat' dir='ltr'><strong>can.</strong></span> <span class='ocrx_word' id='word_1_5' title='bbox 820 165 974 214; x_wconf 83' lang='lat' dir='ltr'><strong>xr-xrv.</strong></span> <span class='ocrx_word' id='word_1_6' title='bbox 1067 152 1107 214; x_wconf 84' lang='lat'><strong>73</strong></span> 
     </span>
    </p>
   </div>
   <div class='ocr_carea' id='block_1_2' title="bbox 61 318 1156 2480">
    <p class='ocr_par' dir='ltr' id='par_1_2' title="bbox 64 318 1108 479">
     <span class='ocr_line' id='line_1_2' title="bbox 152 318 1108 399; baseline 0.004 -21"><span class='ocrx_word' id='word_1_7' title='bbox 152 318 181 378; x_wconf 86' lang='lat'><strong>3.</strong></span> <span class='ocrx_word' id='word_1_8' title='bbox 227 319 383 380; x_wconf 89' lang='lat' dir='ltr'><strong>Venationi</strong></span> <span class='ocrx_word' id='word_1_9' title='bbox 417 338 533 399; x_wconf 89' lang='lat' dir='ltr'><strong>quoquc</strong></span> <span class='ocrx_word' id='word_1_10' title='bbox 564 329 594 380; x_wconf 89' lang='lat' dir='ltr'><strong>et</strong></span> <span class='ocrx_word' id='word_1_11' title='bbox 621 320 780 398; x_wconf 84' lang='lat' dir='ltr'><strong>pecoribus</strong></span> <span class='ocrx_word' id='word_1_12' title='bbox 809 321 923 399; x_wconf 90' lang='lat' dir='ltr'><strong>quidam</strong></span> <span class='ocrx_word' id='word_1_13' title='bbox 960 323 1108 383; x_wconf 87' lang='lat' dir='ltr'><strong>insueruut</strong></span> 
     </span>
     <span class='ocr_line' id='line_1_3' title="bbox 64 403 575 479; baseline 0.002 -18"><span class='ocrx_word' id='word_1_14' title='bbox 64 403 198 479; x_wconf 75' lang='lat' dir='ltr'>litteras,</span> <span class='ocrx_word' id='word_1_15' title='bbox 221 403 395 464; x_wconf 80' lang='lat' dir='ltr'><strong>membranis</strong></span> <span class='ocrx_word' id='word_1_16' title='bbox 418 404 575 464; x_wconf 88' lang='lat' dir='ltr'><strong>mandatas.</strong></span> 
     </span>
    </p>

    <p class='ocr_par' dir='ltr' id='par_1_3' title="bbox 65 486 1106 632">
     <span class='ocr_line' id='line_1_4' title="bbox 152 486 1106 566; baseline 0.003 -19"><span class='ocrx_word' id='word_1_17' title='bbox 152 490 182 547; x_wconf 87' lang='grc'><strong>4.</strong></span> <span class='ocrx_word' id='word_1_18' title='bbox 228 486 326 566; x_wconf 78' lang='lat' dir='ltr'>Aliqui</span> <span class='ocrx_word' id='word_1_19' title='bbox 348 499 376 548; x_wconf 90' lang='lat' dir='ltr'><strong>et</strong></span> <span class='ocrx_word' id='word_1_20' title='bbox 392 490 420 548; x_wconf 92' lang='lat' dir='ltr'><strong>in</strong></span> <span class='ocrx_word' id='word_1_21' title='bbox 435 489 624 548; x_wconf 91' lang='lat' dir='ltr'><strong>iumentorum</strong></span> <span class='ocrx_word' id='word_1_22' title='bbox 645 505 778 548; x_wconf 89' lang='lat' dir='ltr'><strong>aversam</strong></span> <span class='ocrx_word' id='word_1_23' title='bbox 797 496 908 565; x_wconf 87' lang='lat' dir='ltr'><strong>partem</strong></span> <span class='ocrx_word' id='word_1_24' title='bbox 924 487 1106 565; x_wconf 87' lang='lat' dir='ltr'><strong>iniulseruut,</strong></span> 
     </span>
     <span class='ocr_line' id='line_1_5' title="bbox 65 570 958 632; baseline 0.008 -2"><span class='ocrx_word' id='word_1_25' title='bbox 65 570 133 630; x_wconf 93' lang='lat' dir='ltr'><strong>dum</strong></span> <span class='ocrx_word' id='word_1_26' title='bbox 157 571 299 630; x_wconf 88' lang='lat' dir='ltr'><strong>stationes</strong></span> <span class='ocrx_word' id='word_1_27' title='bbox 323 581 482 632; x_wconf 88' lang='lat' dir='ltr'><strong>transeunt.</strong></span> <span class='ocrx_word' id='word_1_28' title='bbox 953 598 958 606; x_wconf 91' lang='lat'><strong>·</strong></span> 
     </span>
    </p>

    <p class='ocr_par' dir='ltr' id='par_1_4' title="bbox 152 654 942 735">
     <span class='ocr_line' id='line_1_6' title="bbox 152 654 942 735; baseline 0.006 -22"><span class='ocrx_word' id='word_1_29' title='bbox 152 655 182 713; x_wconf 88' lang='lat'><strong>5.</strong></span> <span class='ocrx_word' id='word_1_30' title='bbox 226 654 364 715; x_wconf 82' lang='lat' dir='ltr'><strong>Nonnulli</strong></span> <span class='ocrx_word' id='word_1_31' title='bbox 386 658 523 718; x_wconf 87' lang='lat' dir='ltr'><strong>interiora</strong></span> <span class='ocrx_word' id='word_1_32' title='bbox 541 658 708 734; x_wconf 84' lang='lat' dir='ltr'><strong>vaginarum</strong></span> <span class='ocrx_word' id='word_1_33' title='bbox 722 657 942 735; x_wconf 87' lang='lat' dir='ltr'><strong>inscripserunt.</strong></span> 
     </span>
    </p>

    <p class='ocr_par' dir='ltr' id='par_1_5' title="bbox 63 737 1156 1575">
     <span class='ocr_line' id='line_1_7' title="bbox 153 737 1106 815; baseline 0.001 -17"><span class='ocrx_word' id='word_1_34' title='bbox 153 739 182 799; x_wconf 89' lang='lat'><strong>6.</strong></span> <span class='ocrx_word' id='word_1_35' title='bbox 225 737 255 798; x_wconf 86' lang='lat' dir='ltr'><strong>b.</strong></span> <span class='ocrx_word' id='word_1_36' title='bbox 278 738 415 799; x_wconf 86' lang='lat' dir='ltr'>Lucullus</span> <span class='ocrx_word' id='word_1_37' title='bbox 434 738 597 815; x_wconf 78' lang='lat' dir='ltr'><strong>Cyzicenos</strong></span> <span class='ocrx_word' id='word_1_38' title='bbox 620 741 761 800; x_wconf 90' lang='lat' dir='ltr'><strong>obsessos</strong></span> <span class='ocrx_word' id='word_1_39' title='bbox 785 740 979 800; x_wconf 85' lang='lat' dir='ltr'><strong>ablithridate</strong></span> <span class='ocrx_word' id='word_1_40' title='bbox 996 749 1027 798; x_wconf 94' lang='lat' dir='ltr'><strong>ut</strong></span> <span class='ocrx_word' id='word_1_41' title='bbox 1043 757 1106 799; x_wconf 87' lang='lat' dir='ltr'><strong>cer·</strong></span> 
     </span>
     <span class='ocr_line' id='line_1_8' title="bbox 66 822 1107 904; baseline 0.002 -22"><span class='ocrx_word' id='word_1_42' title='bbox 66 824 160 882; x_wconf 88' lang='lat' dir='ltr'><strong>tiores</strong></span> <span class='ocrx_word' id='word_1_43' title='bbox 188 822 329 883; x_wconf 88' lang='lat' dir='ltr'><strong>adventus</strong></span> <span class='ocrx_word' id='word_1_44' title='bbox 352 826 396 883; x_wconf 90' lang='lat' dir='ltr'><strong>sui</strong></span> <span class='ocrx_word' id='word_1_45' title='bbox 424 824 553 900; x_wconf 88' lang='lat' dir='ltr'><strong>faceret,</strong></span> <span class='ocrx_word' id='word_1_46' title='bbox 583 843 646 884; x_wconf 93' lang='lat' dir='ltr'><strong>cum</strong></span> <span class='ocrx_word' id='word_1_47' title='bbox 669 826 822 904; x_wconf 83' lang='lat' dir='ltr'><strong>praesidiis</strong></span> <span class='ocrx_word' id='word_1_48' title='bbox 844 826 969 884; x_wconf 87' lang='lat' dir='ltr'><strong>bostium</strong></span> <span class='ocrx_word' id='word_1_49' title='bbox 992 833 1107 884; x_wconf 88' lang='lat' dir='ltr'><strong>tenerc-</strong></span> 
     </span>
     <span class='ocr_line' id='line_1_9' title="bbox 63 907 1106 987; baseline 0 -21"><span class='ocrx_word' id='word_1_50' title='bbox 63 917 111 966; x_wconf 92' lang='lat' dir='ltr'><strong>tur</strong></span> <span class='ocrx_word' id='word_1_51' title='bbox 131 907 264 965; x_wconf 76' lang='lat' dir='ltr'><strong>introitus</strong></span> <span class='ocrx_word' id='word_1_52' title='bbox 285 907 379 982; x_wconf 91' lang='lat' dir='ltr'><strong>urbis,</strong></span> <span class='ocrx_word' id='word_1_53' title='bbox 406 910 454 987; x_wconf 91' lang='lat' dir='ltr'><strong>qui</strong></span> <span class='ocrx_word' id='word_1_54' title='bbox 476 928 548 968; x_wconf 89' lang='lat' dir='ltr'><strong>unus</strong></span> <span class='ocrx_word' id='word_1_55' title='bbox 570 919 599 968; x_wconf 91' lang='lat' dir='ltr'><strong>et</strong></span> <span class='ocrx_word' id='word_1_56' title='bbox 621 919 760 986; x_wconf 85' lang='lat' dir='ltr'><strong>angustus</strong></span> <span class='ocrx_word' id='word_1_57' title='bbox 780 919 870 987; x_wconf 91' lang='lat' dir='ltr'><strong>ponte</strong></span> <span class='ocrx_word' id='word_1_58' title='bbox 892 909 1007 968; x_wconf 94' lang='lat' dir='ltr'><strong>modico</strong></span> <span class='ocrx_word' id='word_1_59' title='bbox 1031 909 1106 967; x_wconf 92' lang='lat' dir='ltr'><strong>insu·</strong></span> 
     </span>
     <span class='ocr_line' id='line_1_10' title="bbox 63 990 1105 1069; baseline 0.001 -19"><span class='ocrx_word' id='word_1_60' title='bbox 63 991 122 1050; x_wconf 91' lang='lat' dir='ltr'><strong>lam</strong></span> <span class='ocrx_word' id='word_1_61' title='bbox 146 990 304 1050; x_wconf 88' lang='lat' dir='ltr'><strong>continenti</strong></span> <span class='ocrx_word' id='word_1_62' title='bbox 332 994 438 1069; x_wconf 85' lang='lat' dir='ltr'><strong>iungit,</strong></span> <span class='ocrx_word' id='word_1_63' title='bbox 468 994 587 1053; x_wconf 92' lang='lat' dir='ltr'><strong>militem</strong></span> <span class='ocrx_word' id='word_1_64' title='bbox 610 1012 626 1052; x_wconf 92' lang='lat' dir='ltr'><strong>e</strong></span> <span class='ocrx_word' id='word_1_65' title='bbox 650 996 709 1052; x_wconf 89' lang='lat' dir='ltr'><strong>suis</strong></span> <span class='ocrx_word' id='word_1_66' title='bbox 731 994 815 1053; x_wconf 92' lang='lat' dir='ltr'><strong>nandi</strong></span> <span class='ocrx_word' id='word_1_67' title='bbox 836 1003 864 1052; x_wconf 90' lang='lat' dir='ltr'><strong>et</strong></span> <span class='ocrx_word' id='word_1_68' title='bbox 882 995 1015 1052; x_wconf 76' lang='lat' dir='ltr'><strong>nauticae</strong></span> <span class='ocrx_word' id='word_1_69' title='bbox 1036 995 1105 1052; x_wconf 87' lang='lat' dir='ltr'><strong>actis</strong></span> 
     </span>
     <span class='ocr_line' id='line_1_11' title="bbox 64 1076 1106 1153; baseline 0.001 -19"><span class='ocrx_word' id='word_1_70' title='bbox 64 1076 191 1153; x_wconf 91' lang='lat' dir='ltr'><strong>peritum</strong></span> <span class='ocrx_word' id='word_1_71' title='bbox 212 1076 311 1151; x_wconf 91' lang='lat' dir='ltr'><strong>iussit,</strong></span> <span class='ocrx_word' id='word_1_72' title='bbox 337 1078 509 1136; x_wconf 87' lang='lat' dir='ltr'><strong>insidentem</strong></span> <span class='ocrx_word' id='word_1_73' title='bbox 535 1076 648 1137; x_wconf 89' lang='lat' dir='ltr'><strong>duobus</strong></span> <span class='ocrx_word' id='word_1_74' title='bbox 672 1077 777 1136; x_wconf 91' lang='lat' dir='ltr'><strong>iuilatis</strong></span> <span class='ocrx_word' id='word_1_75' title='bbox 800 1077 910 1135; x_wconf 87' lang='lat' dir='ltr'><strong>utribus</strong></span> <span class='ocrx_word' id='word_1_76' title='bbox 933 1077 1043 1135; x_wconf 87' lang='lat' dir='ltr'><strong>litteras</strong></span> <span class='ocrx_word' id='word_1_77' title='bbox 1065 1079 1106 1136; x_wconf 94' lang='lat' dir='ltr'><strong>in·</strong></span> 
     </span>
     <span class='ocr_line' id='line_1_12' title="bbox 67 1157 1107 1238; baseline 0.003 -22"><span class='ocrx_word' id='word_1_78' title='bbox 67 1168 149 1217; x_wconf 90' lang='lat' dir='ltr'><strong>sutas</strong></span> <span class='ocrx_word' id='word_1_79' title='bbox 165 1157 355 1236; x_wconf 83' lang='lat' dir='ltr'><strong>habentibus,</strong></span> <span class='ocrx_word' id='word_1_80' title='bbox 379 1178 453 1238; x_wconf 89' lang='lat' dir='ltr'><strong>quos</strong></span> <span class='ocrx_word' id='word_1_81' title='bbox 470 1161 505 1220; x_wconf 90' lang='lat' dir='ltr'><strong>ab</strong></span> <span class='ocrx_word' id='word_1_82' title='bbox 521 1160 660 1221; x_wconf 83' lang='lat' dir='ltr'><strong>inferiore</strong></span> <span class='ocrx_word' id='word_1_83' title='bbox 678 1170 758 1238; x_wconf 88' lang='lat' dir='ltr'><strong>parte</strong></span> <span class='ocrx_word' id='word_1_84' title='bbox 776 1160 886 1221; x_wconf 91' lang='lat' dir='ltr'><strong>duabus</strong></span> <span class='ocrx_word' id='word_1_85' title='bbox 905 1159 1015 1235; x_wconf 84' lang='lat' dir='ltr'><strong>regulis</strong></span> <span class='ocrx_word' id='word_1_86' title='bbox 1031 1162 1107 1219; x_wconf 85' lang='lat' dir='ltr'><strong>inter</strong></span> 
     </span>
     <span class='ocr_line' id='line_1_13' title="bbox 63 1237 1156 1322; baseline 0.002 -20"><span class='ocrx_word' id='word_1_87' title='bbox 63 1261 98 1302; x_wconf 87' lang='lat' dir='ltr'><strong>se</strong></span> <span class='ocrx_word' id='word_1_88' title='bbox 128 1242 297 1302; x_wconf 90' lang='lat' dir='ltr'><strong>distantibus</strong></span> <span class='ocrx_word' id='word_1_89' title='bbox 325 1246 531 1320; x_wconf 82' lang='lat' dir='ltr'><strong>commiserat,</strong></span> <span class='ocrx_word' id='word_1_90' title='bbox 560 1245 602 1304; x_wconf 91' lang='lat' dir='ltr'><strong>ire</strong></span> <span class='ocrx_word' id='word_1_91' title='bbox 631 1253 744 1322; x_wconf 87' lang='lat' dir='ltr'><strong>septem</strong></span> <span class='ocrx_word' id='word_1_92' title='bbox 775 1245 853 1303; x_wconf 91' lang='lat' dir='ltr'><strong>milia</strong></span> <span class='ocrx_word' id='word_1_93' title='bbox 884 1261 1020 1321; x_wconf 88' lang='lat' dir='ltr'><strong>passuum</strong></span> <span class='ocrx_word' id='word_1_94' title='bbox 1049 1253 1106 1304; x_wconf 91' lang='lat' dir='ltr'><strong>tra·</strong></span> <span class='ocrx_word' id='word_1_95' title='bbox 1150 1237 1156 1248; x_wconf 62' lang='lat'><strong>⁴</strong></span> 
     </span>
     <span class='ocr_line' id='line_1_14' title="bbox 63 1326 1105 1407; baseline 0.003 -23"><span class='ocrx_word' id='word_1_96' title='bbox 63 1329 183 1385; x_wconf 92' lang='lat' dir='ltr'><strong>iectum.</strong></span> <span class='ocrx_word' id='word_1_97' title='bbox 228 1326 312 1400; x_wconf 84' lang='lat' dir='ltr'><strong>Quod</strong></span> <span class='ocrx_word' id='word_1_98' title='bbox 333 1329 371 1389; x_wconf 90' lang='lat' dir='ltr'><strong>ita</strong></span> <span class='ocrx_word' id='word_1_99' title='bbox 392 1330 486 1407; x_wconf 88' lang='lat' dir='ltr'><strong>perite</strong></span> <span class='ocrx_word' id='word_1_100' title='bbox 508 1329 640 1406; x_wconf 84' lang='lat' dir='ltr'><strong>gregalis</strong></span> <span class='ocrx_word' id='word_1_101' title='bbox 662 1327 742 1403; x_wconf 86' lang='lat' dir='ltr'><strong>lecit,</strong></span> <span class='ocrx_word' id='word_1_102' title='bbox 765 1338 796 1387; x_wconf 92' lang='lat' dir='ltr'><strong>ut</strong></span> <span class='ocrx_word' id='word_1_103' title='bbox 812 1327 942 1388; x_wconf 92' lang='lat' dir='ltr'><strong>cruribus</strong></span> <span class='ocrx_word' id='word_1_104' title='bbox 958 1327 1038 1386; x_wconf 89' lang='lat' dir='ltr'><strong>velut</strong></span> <span class='ocrx_word' id='word_1_105' title='bbox 1053 1347 1105 1405; x_wconf 86' lang='lat' dir='ltr'><strong>gu·</strong></span> 
     </span>
     <span class='ocr_line' id='line_1_15' title="bbox 63 1409 1106 1492; baseline 0.002 -23"><span class='ocrx_word' id='word_1_106' title='bbox 63 1409 232 1470; x_wconf 87' lang='lat' dir='ltr'><strong>bernaculis</strong></span> <span class='ocrx_word' id='word_1_107' title='bbox 261 1412 394 1471; x_wconf 90' lang='lat' dir='ltr'><strong>demissis</strong></span> <span class='ocrx_word' id='word_1_108' title='bbox 421 1431 535 1472; x_wconf 90' lang='lat' dir='ltr'><strong>cursum</strong></span> <span class='ocrx_word' id='word_1_109' title='bbox 555 1413 694 1490; x_wconf 85' lang='lat' dir='ltr'><strong>dirigeret</strong></span> <span class='ocrx_word' id='word_1_110' title='bbox 715 1422 744 1472; x_wconf 88' lang='lat' dir='ltr'><strong>et</strong></span> <span class='ocrx_word' id='word_1_111' title='bbox 768 1413 872 1492; x_wconf 90' lang='lat' dir='ltr'><strong>procul</strong></span> <span class='ocrx_word' id='word_1_112' title='bbox 894 1413 1038 1488; x_wconf 86' lang='lat' dir='ltr'><strong>visentes,</strong></span> <span class='ocrx_word' id='word_1_113' title='bbox 1058 1413 1106 1489; x_wconf 91' lang='lat' dir='ltr'><strong>qui</strong></span> 
     </span>
     <span class='ocr_line' id='line_1_16' title="bbox 63 1495 938 1575; baseline 0.001 -22"><span class='ocrx_word' id='word_1_114' title='bbox 63 1496 93 1553; x_wconf 91' lang='lat' dir='ltr'><strong>in</strong></span> <span class='ocrx_word' id='word_1_115' title='bbox 116 1495 240 1554; x_wconf 85' lang='lat' dir='ltr'><strong>statione</strong></span> <span class='ocrx_word' id='word_1_116' title='bbox 264 1505 361 1573; x_wconf 90' lang='lat' dir='ltr'><strong>erant,</strong></span> <span class='ocrx_word' id='word_1_117' title='bbox 384 1499 510 1557; x_wconf 90' lang='lat' dir='ltr'><strong>marinae</strong></span> <span class='ocrx_word' id='word_1_118' title='bbox 526 1500 627 1574; x_wconf 89' lang='lat' dir='ltr'><strong>specie</strong></span> <span class='ocrx_word' id='word_1_119' title='bbox 649 1497 754 1556; x_wconf 86' lang='lat' dir='ltr'><strong>beluae</strong></span> <span class='ocrx_word' id='word_1_120' title='bbox 776 1496 938 1575; x_wconf 91' lang='lat' dir='ltr'><strong>deciperet.</strong></span> 
     </span>
    </p>

    <p class='ocr_par' dir='ltr' id='par_1_6' title="bbox 64 1578 1105 1890">
     <span class='ocr_line' id='line_1_17' title="bbox 152 1578 1105 1659; baseline 0.003 -23"><span class='ocrx_word' id='word_1_121' title='bbox 152 1579 181 1637; x_wconf 87' lang='lat'><strong>7.</strong></span> <span class='ocrx_word' id='word_1_122' title='bbox 224 1578 333 1639; x_wconf 89' lang='lat' dir='ltr'><strong>Hirtius</strong></span> <span class='ocrx_word' id='word_1_123' title='bbox 356 1582 459 1641; x_wconf 90' lang='lat' dir='ltr'><strong>consul</strong></span> <span class='ocrx_word' id='word_1_124' title='bbox 481 1582 517 1641; x_wconf 94' lang='lat' dir='ltr'><strong>ad</strong></span> <span class='ocrx_word' id='word_1_125' title='bbox 533 1581 683 1642; x_wconf 90' lang='lat' dir='ltr'><strong>Decimum</strong></span> <span class='ocrx_word' id='word_1_126' title='bbox 699 1581 832 1657; x_wconf 90' lang='lat' dir='ltr'><strong>Brutum,</strong></span> <span class='ocrx_word' id='word_1_127' title='bbox 857 1582 904 1659; x_wconf 87' lang='lat' dir='ltr'><strong>qui</strong></span> <span class='ocrx_word' id='word_1_128' title='bbox 926 1578 1052 1639; x_wconf 84' lang='lat' dir='ltr'><strong>Mutinae</strong></span> <span class='ocrx_word' id='word_1_129' title='bbox 1069 1579 1105 1640; x_wconf 91' lang='lat' dir='ltr'><strong>ab</strong></span> 
     </span>
     <span class='ocr_line' id='line_1_18' title="bbox 64 1659 1105 1743; baseline 0.002 -23"><span class='ocrx_word' id='word_1_130' title='bbox 64 1659 192 1721; x_wconf 81' lang='lat' dir='ltr'><strong>Antonio</strong></span> <span class='ocrx_word' id='word_1_131' title='bbox 215 1662 419 1741; x_wconf 88' lang='lat' dir='ltr'><strong>obsidebatur,</strong></span> <span class='ocrx_word' id='word_1_132' title='bbox 446 1666 558 1726; x_wconf 89' lang='lat' dir='ltr'><strong>litteras</strong></span> <span class='ocrx_word' id='word_1_133' title='bbox 581 1665 703 1725; x_wconf 90' lang='lat' dir='ltr'><strong>subinde</strong></span> <span class='ocrx_word' id='word_1_134' title='bbox 731 1667 806 1725; x_wconf 92' lang='lat' dir='ltr'><strong>misit</strong></span> <span class='ocrx_word' id='word_1_135' title='bbox 828 1665 947 1743; x_wconf 92' lang='lat' dir='ltr'><strong>plumbo</strong></span> <span class='ocrx_word' id='word_1_136' title='bbox 968 1665 1105 1741; x_wconf 88' lang='lat' dir='ltr'><strong>scriptas,</strong></span> 
     </span>
     <span class='ocr_line' id='line_1_19' title="bbox 64 1746 1105 1835; baseline 0.003 -31"><span class='ocrx_word' id='word_1_137' title='bbox 64 1747 170 1824; x_wconf 86' lang='lat' dir='ltr'><strong>quibus</strong></span> <span class='ocrx_word' id='word_1_138' title='bbox 185 1747 222 1806; x_wconf 94' lang='lat' dir='ltr'><strong>ad</strong></span> <span class='ocrx_word' id='word_1_139' title='bbox 239 1746 388 1835; x_wconf 77' lang='lat' dir='ltr'><strong>brachiuup</strong></span> <span class='ocrx_word' id='word_1_140' title='bbox 403 1749 534 1827; x_wconf 84' lang='lat' dir='ltr'><strong>religatis</strong></span> <span class='ocrx_word' id='word_1_141' title='bbox 557 1751 663 1810; x_wconf 89' lang='lat' dir='ltr'><strong>milites</strong></span> <span class='ocrx_word' id='word_1_142' title='bbox 683 1751 869 1810; x_wconf 84' lang='lat' dir='ltr'><strong>Scultennam</strong></span> <span class='ocrx_word' id='word_1_143' title='bbox 886 1766 998 1808; x_wconf 90' lang='lat' dir='ltr'><strong>amnem</strong></span> <span class='ocrx_word' id='word_1_144' title='bbox 1014 1757 1105 1807; x_wconf 89' lang='lat' dir='ltr'><strong>trans·</strong></span> 
     </span>
     <span class='ocr_line' id='line_1_20' title="bbox 64 1830 182 1890; baseline -0.017 -1"><span class='ocrx_word' id='word_1_145' title='bbox 64 1830 182 1890; x_wconf 88' lang='lat' dir='ltr'><strong>nabaut.</strong></span> 
     </span>
    </p>

    <p class='ocr_par' dir='ltr' id='par_1_7' title="bbox 61 1911 1105 2480">
     <span class='ocr_line' id='line_1_21' title="bbox 150 1911 1105 1993; baseline -0.001 -18"><span class='ocrx_word' id='word_1_146' title='bbox 150 1914 179 1975; x_wconf 90' lang='lat'><strong>8.</strong></span> <span class='ocrx_word' id='word_1_147' title='bbox 228 1911 308 1973; x_wconf 88' lang='lat' dir='ltr'><strong>Idem</strong></span> <span class='ocrx_word' id='word_1_148' title='bbox 345 1915 511 1992; x_wconf 89' lang='lat' dir='ltr'><strong>columbis,</strong></span> <span class='ocrx_word' id='word_1_149' title='bbox 542 1933 613 1993; x_wconf 90' lang='lat' dir='ltr'><strong>quas</strong></span> <span class='ocrx_word' id='word_1_150' title='bbox 648 1915 774 1974; x_wconf 92' lang='lat' dir='ltr'><strong>inclusas</strong></span> <span class='ocrx_word' id='word_1_151' title='bbox 808 1923 874 1974; x_wconf 91' lang='lat' dir='ltr'><strong>ante</strong></span> <span class='ocrx_word' id='word_1_152' title='bbox 910 1913 1041 1974; x_wconf 90' lang='lat' dir='ltr'><strong>tenebris</strong></span> <span class='ocrx_word' id='word_1_153' title='bbox 1076 1925 1105 1974; x_wconf 89' lang='lat' dir='ltr'><strong>et</strong></span> 
     </span>
     <span class='ocr_line' id='line_1_22' title="bbox 62 1997 1103 2077; baseline 0 -19"><span class='ocrx_word' id='word_1_154' title='bbox 62 1999 141 2058; x_wconf 84' lang='lat' dir='ltr'><strong>fame</strong></span> <span class='ocrx_word' id='word_1_155' title='bbox 166 1997 333 2075; x_wconf 85' lang='lat' dir='ltr'><strong>adfecerat,</strong></span> <span class='ocrx_word' id='word_1_156' title='bbox 358 1998 499 2077; x_wconf 86' lang='lat' dir='ltr'><strong>epistolas</strong></span> <span class='ocrx_word' id='word_1_157' title='bbox 521 2009 583 2060; x_wconf 91' lang='lat' dir='ltr'><strong>seta</strong></span> <span class='ocrx_word' id='word_1_158' title='bbox 605 1999 640 2059; x_wconf 90' lang='lat' dir='ltr'><strong>ad</strong></span> <span class='ocrx_word' id='word_1_159' title='bbox 664 1999 769 2058; x_wconf 85' lang='lat' dir='ltr'><strong>collum</strong></span> <span class='ocrx_word' id='word_1_160' title='bbox 790 1997 936 2074; x_wconf 84' lang='lat' dir='ltr'><strong>religabat</strong></span> <span class='ocrx_word' id='word_1_161' title='bbox 957 2015 1066 2075; x_wconf 88' lang='lat' dir='ltr'><strong>easque</strong></span> <span class='ocrx_word' id='word_1_162' title='bbox 1088 2016 1103 2058; x_wconf 93' lang='lat' dir='ltr'><strong>a</strong></span> 
     </span>
     <span class='ocr_line' id='line_1_23' title="bbox 63 2080 1102 2160; baseline 0 -20"><span class='ocrx_word' id='word_1_163' title='bbox 63 2083 248 2160; x_wconf 87' lang='lat' dir='ltr'><strong>propinquo,</strong></span> <span class='ocrx_word' id='word_1_164' title='bbox 276 2084 305 2141; x_wconf 91' lang='lat' dir='ltr'><strong>in</strong></span> <span class='ocrx_word' id='word_1_165' title='bbox 334 2091 469 2159; x_wconf 87' lang='lat' dir='ltr'><strong>quantum</strong></span> <span class='ocrx_word' id='word_1_166' title='bbox 497 2091 630 2160; x_wconf 89' lang='lat' dir='ltr'><strong>poterat,</strong></span> <span class='ocrx_word' id='word_1_167' title='bbox 658 2080 809 2140; x_wconf 86' lang='lat' dir='ltr'><strong>moenibus</strong></span> <span class='ocrx_word' id='word_1_168' title='bbox 840 2082 908 2141; x_wconf 91' lang='lat' dir='ltr'><strong>loco</strong></span> <span class='ocrx_word' id='word_1_169' title='bbox 944 2080 1102 2140; x_wconf 91' lang='lat' dir='ltr'><strong>emittebat.</strong></span> 
     </span>
     <span class='ocr_line' id='line_1_24' title="bbox 61 2163 1103 2243; baseline -0.004 -17"><span class='ocrx_word' id='word_1_170' title='bbox 61 2165 136 2226; x_wconf 92' lang='lat' dir='ltr'><strong>lllae</strong></span> <span class='ocrx_word' id='word_1_171' title='bbox 158 2163 232 2226; x_wconf 90' lang='lat' dir='ltr'><strong>lucis</strong></span> <span class='ocrx_word' id='word_1_172' title='bbox 254 2166 370 2243; x_wconf 85' lang='lat' dir='ltr'><strong>cibique</strong></span> <span class='ocrx_word' id='word_1_173' title='bbox 392 2165 493 2226; x_wconf 89' lang='lat' dir='ltr'><strong>avidae</strong></span> <span class='ocrx_word' id='word_1_174' title='bbox 517 2166 656 2225; x_wconf 90' lang='lat' dir='ltr'><strong>altissima</strong></span> <span class='ocrx_word' id='word_1_175' title='bbox 679 2166 876 2225; x_wconf 87' lang='lat' dir='ltr'><strong>aedificiorum</strong></span> <span class='ocrx_word' id='word_1_176' title='bbox 894 2173 1030 2243; x_wconf 86' lang='lat' dir='ltr'><strong>petentes</strong></span> <span class='ocrx_word' id='word_1_177' title='bbox 1054 2182 1103 2223; x_wconf 84' lang='lat' dir='ltr'><strong>ex·</strong></span> 
     </span>
     <span class='ocr_line' id='line_1_25' title="bbox 63 2249 1105 2328; baseline -0.002 -18"><span class='ocrx_word' id='word_1_178' title='bbox 63 2249 247 2328; x_wconf 90' lang='lat' dir='ltr'><strong>cipiebantur</strong></span> <span class='ocrx_word' id='word_1_179' title='bbox 267 2269 283 2310; x_wconf 95' lang='lat' dir='ltr'><strong>a</strong></span> <span class='ocrx_word' id='word_1_180' title='bbox 305 2250 411 2327; x_wconf 90' lang='lat' dir='ltr'><strong>Bruto,</strong></span> <span class='ocrx_word' id='word_1_181' title='bbox 441 2251 488 2328; x_wconf 91' lang='lat' dir='ltr'><strong>qui</strong></span> <span class='ocrx_word' id='word_1_182' title='bbox 511 2267 548 2310; x_wconf 89' lang='lat' dir='ltr'><strong>eo</strong></span> <span class='ocrx_word' id='word_1_183' title='bbox 566 2249 653 2309; x_wconf 91' lang='lat' dir='ltr'><strong>modo</strong></span> <span class='ocrx_word' id='word_1_184' title='bbox 675 2249 711 2309; x_wconf 94' lang='lat' dir='ltr'><strong>de</strong></span> <span class='ocrx_word' id='word_1_185' title='bbox 733 2250 864 2310; x_wconf 92' lang='lat' dir='ltr'><strong>omnibus</strong></span> <span class='ocrx_word' id='word_1_186' title='bbox 886 2249 975 2323; x_wconf 86' lang='lat' dir='ltr'><strong>rebus</strong></span> <span class='ocrx_word' id='word_1_187' title='bbox 995 2249 1105 2309; x_wconf 88' lang='lat' dir='ltr'><strong>certior</strong></span> 
     </span>
     <span class='ocr_line' id='line_1_26' title="bbox 62 2333 1103 2414; baseline 0.002 -22"><span class='ocrx_word' id='word_1_188' title='bbox 62 2333 169 2410; x_wconf 87' lang='lat' dir='ltr'><strong>tiebat,</strong></span> <span class='ocrx_word' id='word_1_189' title='bbox 192 2335 292 2411; x_wconf 90' lang='lat' dir='ltr'><strong>utique</strong></span> <span class='ocrx_word' id='word_1_190' title='bbox 314 2344 483 2414; x_wconf 89' lang='lat' dir='ltr'><strong>postquam,</strong></span> <span class='ocrx_word' id='word_1_191' title='bbox 504 2334 646 2412; x_wconf 89' lang='lat' dir='ltr'><strong>disposito</strong></span> <span class='ocrx_word' id='word_1_192' title='bbox 667 2334 837 2412; x_wconf 89' lang='lat' dir='ltr'><strong>quibusdam</strong></span> <span class='ocrx_word' id='word_1_193' title='bbox 852 2334 927 2395; x_wconf 91' lang='lat' dir='ltr'><strong>locis</strong></span> <span class='ocrx_word' id='word_1_194' title='bbox 946 2333 1030 2410; x_wconf 88' lang='lat' dir='ltr'><strong>cibo,</strong></span> <span class='ocrx_word' id='word_1_195' title='bbox 1054 2350 1103 2394; x_wconf 90' lang='lat' dir='ltr'><strong>co·</strong></span> 
     </span>
     <span class='ocr_line' id='line_1_27' title="bbox 63 2417 625 2480; baseline 0 -2"><span class='ocrx_word' id='word_1_196' title='bbox 63 2417 178 2478; x_wconf 88' lang='lat' dir='ltr'><strong>lumbas</strong></span> <span class='ocrx_word' id='word_1_197' title='bbox 202 2417 272 2478; x_wconf 89' lang='lat' dir='ltr'><strong>illuc</strong></span> <span class='ocrx_word' id='word_1_198' title='bbox 295 2419 435 2480; x_wconf 91' lang='lat' dir='ltr'><strong>devolare</strong></span> <span class='ocrx_word' id='word_1_199' title='bbox 453 2420 625 2479; x_wconf 88' lang='lat' dir='ltr'><strong>instituerat.</strong></span> 
     </span>
    </p>
   </div>
   <div class='ocr_carea' id='block_1_3' title="bbox 461 2585 719 2649">
    <p class='ocr_par' dir='ltr' id='par_1_8' title="bbox 461 2585 719 2649">
     <span class='ocr_line' id='line_1_28' title="bbox 461 2585 719 2649; baseline 0.004 -2"><span class='ocrx_word' id='word_1_200' title='bbox 461 2585 608 2649; x_wconf 79' lang='lat' dir='ltr'><strong>CAPUT</strong></span> <span class='ocrx_word' id='word_1_201' title='bbox 629 2586 719 2648; x_wconf 91' lang='lat' dir='ltr'><strong>XIV.</strong></span> 
     </span>
    </p>
   </div>
   <div class='ocr_carea' id='block_1_4' title="bbox 150 2717 1019 2852">
    <p class='ocr_par' dir='ltr' id='par_1_9' title="bbox 150 2717 1019 2852">
     <span class='ocr_line' id='line_1_29' title="bbox 150 2717 1019 2769; baseline 0.005 -4"><span class='ocrx_word' id='word_1_202' title='bbox 150 2719 197 2766; x_wconf 85' lang='lat' dir='ltr'><strong>DE</strong></span> <span class='ocrx_word' id='word_1_203' title='bbox 219 2718 504 2768; x_wconf 80' lang='lat' dir='ltr'><strong>INTRODUOENDIS</strong></span> <span class='ocrx_word' id='word_1_204' title='bbox 526 2717 680 2766; x_wconf 81' lang='lat' dir='ltr'>AUXILIIS</span> <span class='ocrx_word' id='word_1_205' title='bbox 701 2719 746 2765; x_wconf 85' lang='lat' dir='ltr'><strong>ET</strong></span> <span class='ocrx_word' id='word_1_206' title='bbox 770 2718 1019 2769; x_wconf 81' lang='lat' dir='ltr'><strong>COMMEATIBUS</strong></span> 
     </span>
     <span class='ocr_line' id='line_1_30' title="bbox 455 2802 711 2852; baseline -0.012 0"><span class='ocrx_word' id='word_1_207' title='bbox 455 2802 711 2852; x_wconf 80' lang='lat' dir='ltr'><strong>SUGGERENDIS.</strong></span> 
     </span>
    </p>
   </div>
   <div class='ocr_carea' id='block_1_5' title="bbox 61 2921 1114 3506">
    <p class='ocr_par' dir='ltr' id='par_1_10' title="bbox 61 2921 1106 3342">
     <span class='ocr_line' id='line_1_31' title="bbox 153 2921 1103 3002; baseline 0.001 -18"><span class='ocrx_word' id='word_1_208' title='bbox 153 2926 181 2984; x_wconf 92' lang='lat'><strong>1.</strong></span> <span class='ocrx_word' id='word_1_209' title='bbox 224 2924 308 2984; x_wconf 89' lang='lat' dir='ltr'><strong>Bello</strong></span> <span class='ocrx_word' id='word_1_210' title='bbox 330 2923 424 2999; x_wconf 92' lang='lat' dir='ltr'><strong>civili,</strong></span> <span class='ocrx_word' id='word_1_211' title='bbox 448 2940 513 2983; x_wconf 93' lang='lat' dir='ltr'><strong>cum</strong></span> <span class='ocrx_word' id='word_1_212' title='bbox 534 2921 649 2999; x_wconf 78' lang='lat' dir='ltr'><strong>Ategua</strong></span> <span class='ocrx_word' id='word_1_213' title='bbox 669 2922 738 2982; x_wconf 90' lang='lat' dir='ltr'><strong>urbs</strong></span> <span class='ocrx_word' id='word_1_214' title='bbox 756 2923 785 2981; x_wconf 93' lang='lat' dir='ltr'><strong>in</strong></span> <span class='ocrx_word' id='word_1_215' title='bbox 799 2921 937 3000; x_wconf 88' lang='lat' dir='ltr'><strong>Hispania</strong></span> <span class='ocrx_word' id='word_1_216' title='bbox 952 2923 1103 3002; x_wconf 90' lang='lat' dir='ltr'><strong>Pompeia·</strong></span> 
     </span>
     <span class='ocr_line' id='line_1_32' title="bbox 61 3005 1103 3086; baseline -0.002 -15"><span class='ocrx_word' id='word_1_217' title='bbox 61 3028 164 3071; x_wconf 85' lang='lat' dir='ltr'><strong>aarum</strong></span> <span class='ocrx_word' id='word_1_218' title='bbox 191 3009 315 3086; x_wconf 90' lang='lat' dir='ltr'><strong>partium</strong></span> <span class='ocrx_word' id='word_1_219' title='bbox 342 3007 543 3082; x_wconf 88' lang='lat' dir='ltr'><strong>obsideretur,</strong></span> <span class='ocrx_word' id='word_1_220' title='bbox 573 3005 714 3066; x_wconf 84' lang='lat' dir='ltr'><strong>Munatius</strong></span> <span class='ocrx_word' id='word_1_221' title='bbox 745 3007 859 3065; x_wconf 88' lang='lat' dir='ltr'><strong>interim</strong></span> <span class='ocrx_word' id='word_1_222' title='bbox 881 3011 1011 3080; x_wconf 80' lang='lat' dir='ltr'><strong>tessera,</strong></span> <span class='ocrx_word' id='word_1_223' title='bbox 1034 3017 1103 3068; x_wconf 86' lang='lat' dir='ltr'><strong>tam·</strong></span> 
     </span>
     <span class='ocr_line' id='line_1_33' title="bbox 63 3089 1105 3172; baseline 0.001 -20"><span class='ocrx_word' id='word_1_224' title='bbox 63 3112 149 3172; x_wconf 86' lang='lat' dir='ltr'><strong>quarn</strong></span> <span class='ocrx_word' id='word_1_225' title='bbox 168 3090 377 3167; x_wconf 88' lang='lat' dir='ltr'><strong>Caesarianus,</strong></span> <span class='ocrx_word' id='word_1_226' title='bbox 401 3092 506 3152; x_wconf 90' lang='lat' dir='ltr'><strong>tribuni</strong></span> <span class='ocrx_word' id='word_1_227' title='bbox 523 3091 749 3164; x_wconf 88' lang='lat' dir='ltr'><strong>cornicularius,</strong></span> <span class='ocrx_word' id='word_1_228' title='bbox 772 3089 878 3166; x_wconf 84' lang='lat' dir='ltr'><strong>vigiles</strong></span> <span class='ocrx_word' id='word_1_229' title='bbox 894 3093 1034 3168; x_wconf 87' lang='lat' dir='ltr'><strong>quosdam</strong></span> <span class='ocrx_word' id='word_1_230' title='bbox 1054 3112 1105 3153; x_wconf 86' lang='lat' dir='ltr'><strong>ex·</strong></span> 
     </span>
     <span class='ocr_line' id='line_1_34' title="bbox 63 3174 1105 3254; baseline -0.001 -17"><span class='ocrx_word' id='word_1_231' title='bbox 63 3179 180 3244; x_wconf 88' lang='lat' dir='ltr'><strong>citavit;</strong></span> <span class='ocrx_word' id='word_1_232' title='bbox 211 3195 249 3237; x_wconf 83' lang='lat' dir='ltr'><strong>ex</strong></span> <span class='ocrx_word' id='word_1_233' title='bbox 277 3176 382 3253; x_wconf 85' lang='lat' dir='ltr'><strong>quibua</strong></span> <span class='ocrx_word' id='word_1_234' title='bbox 404 3176 518 3254; x_wconf 86' lang='lat' dir='ltr'><strong>aliquos</strong></span> <span class='ocrx_word' id='word_1_235' title='bbox 541 3176 669 3249; x_wconf 87' lang='lat' dir='ltr'><strong>evitans,</strong></span> <span class='ocrx_word' id='word_1_236' title='bbox 697 3175 857 3233; x_wconf 90' lang='lat' dir='ltr'><strong>constantia</strong></span> <span class='ocrx_word' id='word_1_237' title='bbox 879 3174 1016 3236; x_wconf 84' lang='lat' dir='ltr'><strong>fallaciae</strong></span> <span class='ocrx_word' id='word_1_238' title='bbox 1034 3195 1105 3236; x_wconf 88' lang='lat' dir='ltr'><strong>suae</strong></span> 
     </span>
     <span class='ocr_line' id='line_1_35' title="bbox 63 3256 1106 3342; baseline 0 -22"><span class='ocrx_word' id='word_1_239' title='bbox 63 3278 119 3342; x_wconf 86' lang='lat' dir='ltr'><strong>per</strong></span> <span class='ocrx_word' id='word_1_240' title='bbox 142 3261 252 3321; x_wconf 88' lang='lat' dir='ltr'><strong>medias</strong></span> <span class='ocrx_word' id='word_1_241' title='bbox 280 3258 415 3320; x_wconf 87' lang='lat' dir='ltr'><strong>Caesaris</strong></span> <span class='ocrx_word' id='word_1_242' title='bbox 443 3260 544 3337; x_wconf 90' lang='lat' dir='ltr'><strong>copias</strong></span> <span class='ocrx_word' id='word_1_243' title='bbox 573 3256 750 3334; x_wconf 88' lang='lat' dir='ltr'><strong>praesidium</strong></span> <span class='ocrx_word' id='word_1_244' title='bbox 777 3258 907 3337; x_wconf 90' lang='lat' dir='ltr'><strong>Pompeii</strong></span> <span class='ocrx_word' id='word_1_245' title='bbox 935 3261 1106 3321; x_wconf 86' lang='lat' dir='ltr'><strong>transduxit.</strong></span> 
     </span>
    </p>

    <p class='ocr_par' dir='ltr' id='par_1_11' title="bbox 64 3339 1114 3506">
     <span class='ocr_line' id='line_1_36' title="bbox 149 3339 1106 3416; baseline -0.001 -14"><span class='ocrx_word' id='word_1_246' title='bbox 149 3343 179 3402; x_wconf 82' lang='lat'><strong>2.</strong></span> <span class='ocrx_word' id='word_1_247' title='bbox 216 3343 376 3404; x_wconf 86' lang='lat' dir='ltr'><strong>Hannibale</strong></span> <span class='ocrx_word' id='word_1_248' title='bbox 392 3342 545 3402; x_wconf 90' lang='lat' dir='ltr'><strong>obsidente</strong></span> <span class='ocrx_word' id='word_1_249' title='bbox 560 3339 732 3416; x_wconf 85' lang='lat' dir='ltr'><strong>Casilinum,</strong></span> <span class='ocrx_word' id='word_1_250' title='bbox 749 3341 871 3402; x_wconf 86' lang='lat' dir='ltr'><strong>Romani</strong></span> <span class='ocrx_word' id='word_1_251' title='bbox 885 3342 1004 3403; x_wconf 87' lang='lat' dir='ltr'><strong>farinam</strong></span> <span class='ocrx_word' id='word_1_252' title='bbox 1019 3342 1106 3401; x_wconf 92' lang='lat' dir='ltr'><strong>doliis</strong></span> 
     </span>
     <span class='ocr_line' id='line_1_37' title="bbox 64 3425 1114 3506; baseline -0.01 -17"><span class='ocrx_word' id='word_1_253' title='bbox 64 3428 193 3490; x_wconf 91' lang='lat' dir='ltr'><strong>secunda</strong></span> <span class='ocrx_word' id='word_1_254' title='bbox 220 3446 296 3506; x_wconf 89' lang='lat' dir='ltr'><strong>aqua</strong></span> <span class='ocrx_word' id='word_1_255' title='bbox 321 3427 456 3488; x_wconf 92' lang='lat' dir='ltr'><strong>Volturni</strong></span> <span class='ocrx_word' id='word_1_256' title='bbox 484 3426 605 3487; x_wconf 82' lang='lat' dir='ltr'><strong>[luminis</strong></span> <span class='ocrx_word' id='word_1_257' title='bbox 633 3425 838 3504; x_wconf 86' lang='lat' dir='ltr'><strong>demittebant,</strong></span> <span class='ocrx_word' id='word_1_258' title='bbox 861 3435 893 3487; x_wconf 91' lang='lat' dir='ltr'><strong>ut</strong></span> <span class='ocrx_word' id='word_1_259' title='bbox 914 3426 950 3486; x_wconf 90' lang='lat' dir='ltr'><strong>ab</strong></span> <span class='ocrx_word' id='word_1_260' title='bbox 972 3425 1114 3491; x_wconf 65' lang='lat' dir='ltr'><strong>obsessis</strong></span> 
     </span>
    </p>
   </div>
   <div class='ocr_carea' id='block_1_6' title="bbox 0 0 1224 3848">
    <p class='ocr_par' dir='ltr' id='par_1_12' title="bbox 0 0 1224 3848">
     <span class='ocr_line' id='line_1_38' title="bbox 0 0 1224 3848; baseline 0 0"><span class='ocrx_word' id='word_1_261' title='bbox 0 0 1224 3848; x_wconf 95' lang='lat' dir='ltr'><strong> </strong></span> 
     </span>
    </p>
   </div>
  </div>
 </body>
</html>
