2438 3848
208 163 548 216 suuuuusuuaurcou
573 163 641 211 urs.
665 163 702 209 11.
722 161 797 209 our.
821 161 881 209 vu.
904 161 980 209 unu.
1068 153 1108 214 53

57 323 202 403 pulisset‚
232 320 402 400 quamquam
438 320 507 380 nihil
535 337 636 378 secum
667 315 812 396 praesidii
840 315 978 392 haberet,
1010 324 1110 401 coepit

57 408 173 485 signum
193 422 268 465 voce
282 414 427 482 gestuque
450 405 537 481 dare,
558 421 615 482 quo
635 405 785 464 videretur
797 400 1012 478 subsequentes
1042 424 1109 465 suo·

58 511 122 552 rum
145 508 236 550 naues
256 507 381 550 vocare:
405 507 499 568 eaque
518 488 743 548 adseveratione
766 489 881 549 hostem
896 490 1014 564 terruit,
1038 498 1109 549 tam·

58 593 146 654 quam
158 574 246 651 plane
263 574 546 652 adpropinquarent,
563 575 611 652 qui
630 575 711 650 quasi
727 592 765 632 ex
781 572 914 651 proximo
935 570 1106 632 citabantur.
1154 567 1157 572 ’

58 658 177 734 Aetoli,
194 676 231 717 ne
243 658 367 717 aduentu
381 656 529 717 Romanae
542 657 645 717 classis
658 657 908 736 obprimerentur‚
927 657 1108 735 reliquerunt

52 742 321 822 obpugnationem.

454 855 604 919 CAPUT
624 857 719 919 Vlll.

191 973 239 1049 ou
260 971 507 1020 susurronum
527 970 595 1018 aaa
615 971 865 1021 cousuauumm
889 973 981 1020 acm.

152 1077 179 1134 1.
203 1075 322 1134 Servius
343 1075 454 1136 Tullius
472 1075 650 1136 adolescens
674 1075 808 1153 proelio,
832 1094 890 1154 quo
912 1095 966 1135 rex
988 1075 1109 1154 'l'arqui-
1195 1146 1198 1150 A

61 1164 128 1221 nius
150 1159 291 1221 adversus
314 1159 439 1219 Sabinos
460 1159 607 1235 condixit,
637 1159 785 1235 signiferis
811 1160 932 1236 segnius
951 1161 1109 1219 dimicanti-

61 1247 118 1304 bus
146 1253 258 1322 raptum
290 1245 402 1320 signum
429 1246 458 1303 in
479 1244 595 1303 hostem
616 1243 706 1312 misit;
734 1245 814 1302 cuius
836 1244 997 1322 reeipiendi
1015 1244 1110 1320 gratia

61 1328 186 1388 Romani
207 1329 246 1388 ita
269 1328 406 1387 ardenter
428 1335 647 1406 pugnauerunt,
671 1335 702 1386 ut
723 1336 754 1387 et
775 1329 888 1405 siguum
907 1337 937 1388 et
953 1329 1126 1397 ,victoriam
1165 1371 1166 1374 ,

56 1411 227 1472 retulerint.

150 1495 179 1554 2.
224 1494 327 1555 Furius
349 1494 482 1574 Agrippa
504 1495 624 1572 consul,
648 1493 771 1555 cedente
793 1513 900 1572 cornu,
924 1498 1036 1574 signum
1058 1496 1110 1555 mi·

62 1580 149 1639 litare
176 1588 309 1658 ereptum
331 1580 471 1656 signifero
498 1581 526 1638 in
548 1579 651 1640 hostes
672 1580 800 1640 Volscos
824 1590 853 1641 et
874 1581 996 1659 Aequos
1018 1581 1110 1648 misit;

64 1680 122 1741 qno
146 1662 226 1723 facto
249 1665 312 1722 eius
336 1663 479 1741 proelium
503 1666 664 1725 restitutum
687 1673 748 1724 est:
776 1683 884 1724 summa
909 1667 984 1725 enim
1006 1665 1110 1725 alacri·

65 1756 125 1807 tate
147 1745 270 1806 Romani
291 1747 326 1807 ad
348 1747 547 1826 recipiendum
571 1751 682 1826 signum
703 1746 903 1808 incubuerunt.
1169 1818 1172 1823 ⁸

153 1830 183 1891 3.
228 1831 261 1890 T.
283 1829 434 1904 Quinctius
457 1832 559 1892 consul
580 1835 693 1910 signum
715 1833 744 1891 in
765 1830 867 1892 hostes
878 1832 1006 1892 Volscos
1024 1833 1111 1892 eiecit

63 1915 231 1993 militesque
251 1915 280 1974 id
298 1924 438 1993 repetere
459 1916 552 1976 iussit.
766 1972 772 1983 ,

152 2002 181 2058 4.
227 1998 342 2059 Salvius
364 1999 503 2076 Pelignus
524 1998 605 2059 bello
629 1998 750 2058 Persico
772 1999 848 2058 idem
869 1997 950 2057 fecit.

152 2083 182 2142 5.
228 2081 266 2141 Μ.
288 2081 391 2143 Furius
413 2081 551 2143 Camillus
576 2081 705 2142 tribunus
733 2081 852 2141 militum
879 2081 1024 2141 consulari
1047 2090 1112 2159 pot-

65 2174 178 2241 estate,
201 2175 353 2227 cunctante
376 2168 526 2243 exeroitu,
547 2166 698 2244 adreptum
718 2183 802 2226 manu
818 2165 988 2243 signiferum
1009 2165 1037 2223 iu
1060 2165 1111 2224 ho-

66 2261 128 2311 stes
146 2249 276 2311 Volseos
299 2259 328 2310 et
347 2250 464 2311 Latinos
487 2251 589 2310 traxit:
614 2259 731 2310 ceteros
755 2250 856 2329 puduit
873 2267 931 2309 non
953 2251 1045 2327 sequi.

152 2335 182 2396 6.
226 2333 323 2411 Idem,
352 2352 458 2394 averso
484 2335 614 2395 exercitu
639 2352 704 2394 cum
728 2337 921 2411 occurrisset,
942 2333 1113 2410 adfirmavit,

65 2437 124 2479 non
152 2427 339 2497 recepturum
369 2437 402 2479 se
433 2421 461 2478 iu
490 2415 585 2479 castra
608 2437 782 2499 quemquam
802 2421 857 2478 nisi
876 2421 1035 2486 victorem;
1067 2437 1112 2477 re·

66 2503 225 2580 ductisque
249 2503 278 2560 iu
301 2503 410 2579 aciem,
429 2505 552 2563 victoria
573 2507 683 2582 potitus
705 2511 759 2562 est.

154 2587 183 2644 7.
228 2586 327 2665 Scipio
348 2587 424 2665 apud
442 2586 638 2663 Numantiam,
660 2605 723 2646 cum
745 2604 879 2648 aversum
898 2605 980 2646 suum
999 2586 1115 2648 videret

67 2671 251 2744 exercitum,
279 2672 492 2748 pronuntiavit,
518 2688 573 2750 pro
601 2671 686 2731 hoste
709 2671 765 2730 sibi
785 2672 912 2732 futurum
934 2671 1064 2748 quisquis
1085 2673 1115 2730 in

67 2763 165 2816 castra
186 2753 322 2814 redisset.

154 2837 185 2898 8.
230 2837 372 2897 Servilius
390 2836 507 2897 Priscus
524 2837 664 2913 dictator,
689 2855 752 2897 cum
773 2838 855 2915 signa
878 2838 1026 2915 legionum
1043 2838 1115 2898 ferri

67 2923 96 2982 in
126 2921 231 2981 hostes
262 2921 383 3000 Aequos
418 2923 569 2997 iussisset,
604 2922 772 2998 signiferum
807 2931 987 3001 cunctantem
1019 2923 1116 2983 occidi

66 3006 238 3086 imperavit:
264 3023 323 3085 quo
353 3006 491 3085 exemplo
519 3007 667 3084 perterriti
689 3005 781 3064 ceteri
804 3005 919 3065 bostem
937 3009 1114 3067 invaserunt.

154 3090 184 3151 9.
229 3089 402 3168 Tarquinius
425 3091 566 3151 aduersus
584 3089 708 3149 Sabinos
730 3097 900 3149 cunctantes
917 3093 1042 3169 equites,
1065 3092 1114 3151 de·

67 3174 171 3236 tractis
193 3173 283 3234 irenis
306 3175 517 3252 concitatisque
544 3174 644 3253 equis,
672 3189 850 3252 procurrere
873 3182 903 3233 et
924 3193 1115 3255 perrumpere

69 3260 165 3320 aciem
186 3259 278 3318 iussit.

157 3345 206 3406 10.
253 3339 364 3403 Cossus
385 3339 539 3409 Gemellus
562 3341 703 3418 magister
725 3342 852 3421 equitum
873 3340 1014 3404 adversus
1031 3341 1115 3402 Fide-

69 3437 155 3490 nates
174 3426 251 3488 idem
266 3427 347 3487 lecit.
