<?xml version="1.0" encoding="UTF-8"?>
<!DOCTYPE html PUBLIC "-//W3C//DTD XHTML 1.0 Transitional//EN"
    "http://www.w3.org/TR/xhtml1/DTD/xhtml1-transitional.dtd">
<html xmlns="http://www.w3.org/1999/xhtml" xml:lang="en" lang="en">
 <head>
  <title>
</title>
<meta http-equiv="Content-Type" content="text/html;charset=utf-8" />
  <meta name='ocr-system' content='tesseract 3.04.00' />
  <meta name='ocr-capabilities' content='ocr_page ocr_carea ocr_par ocr_line ocrx_word'/>
</head>
<body>
  <div class='ocr_page' id='page_1' title='image "./strategematicon00dedegoog_0144.png"; bbox 0 0 2438 3848; ppageno 0'>
   <div class='ocr_carea' id='block_1_1' title="bbox 214 167 1128 242">
    <p class='ocr_par' dir='ltr' id='par_1_1' title="bbox 214 167 1128 242">
     <span class='ocr_line' id='line_1_1' title="bbox 214 167 1128 242; baseline 0 -13"><span class='ocrx_word' id='word_1_1' title='bbox 214 183 262 229; x_wconf 85' lang='lat' dir='ltr'><strong>uu</strong></span> <span class='ocrx_word' id='word_1_2' title='bbox 284 181 401 242; x_wconf 76' lang='lat' dir='ltr'><strong>nausa</strong></span> <span class='ocrx_word' id='word_1_3' title='bbox 423 181 597 230; x_wconf 80' lang='lat' dir='ltr'><strong>occursus</strong></span> <span class='ocrx_word' id='word_1_4' title='bbox 619 180 721 229; x_wconf 77' lang='lat' dir='ltr'><strong>uncas</strong></span> <span class='ocrx_word' id='word_1_5' title='bbox 743 181 864 230; x_wconf 80' lang='lat' dir='ltr'><strong>nonus</strong></span> <span class='ocrx_word' id='word_1_6' title='bbox 886 180 1003 230; x_wconf 76' lang='lat' dir='ltr'><strong>crasa.</strong></span> <span class='ocrx_word' id='word_1_7' title='bbox 1071 167 1128 230; x_wconf 76' lang='lat'><strong>121</strong></span> 
     </span>
    </p>
   </div>
   <div class='ocr_carea' id='block_1_2' title="bbox 39 336 1157 3513">
    <p class='ocr_par' dir='ltr' id='par_1_2' title="bbox 84 336 1131 584">
     <span class='ocr_line' id='line_1_2' title="bbox 84 336 1131 415; baseline -0.003 -18"><span class='ocrx_word' id='word_1_8' title='bbox 84 336 166 397; x_wconf 91' lang='lat' dir='ltr'><strong>urbis</strong></span> <span class='ocrx_word' id='word_1_9' title='bbox 190 337 288 411; x_wconf 90' lang='lat' dir='ltr'><strong>lacus,</strong></span> <span class='ocrx_word' id='word_1_10' title='bbox 312 345 368 396; x_wconf 92' lang='lat' dir='ltr'><strong>tam</strong></span> <span class='ocrx_word' id='word_1_11' title='bbox 390 338 457 395; x_wconf 90' lang='lat' dir='ltr'><strong>novi</strong></span> <span class='ocrx_word' id='word_1_12' title='bbox 479 354 564 414; x_wconf 85' lang='lat' dir='ltr'><strong>quam</strong></span> <span class='ocrx_word' id='word_1_13' title='bbox 580 345 715 413; x_wconf 89' lang='lat' dir='ltr'><strong>veteres,</strong></span> <span class='ocrx_word' id='word_1_14' title='bbox 737 337 871 415; x_wconf 85' lang='lat' dir='ltr'>plerique</span> <span class='ocrx_word' id='word_1_15' title='bbox 891 337 975 396; x_wconf 92' lang='lat' dir='ltr'><strong>binos</strong></span> <span class='ocrx_word' id='word_1_16' title='bbox 990 337 1131 396; x_wconf 77' lang='lat' dir='ltr'><strong>salientes</strong></span> 
     </span>
     <span class='ocr_line' id='line_1_3' title="bbox 85 421 1130 498; baseline -0.003 -17"><span class='ocrx_word' id='word_1_17' title='bbox 85 423 267 481; x_wconf 88' lang='lat' dir='ltr'><strong>diversarum</strong></span> <span class='ocrx_word' id='word_1_18' title='bbox 289 438 427 498; x_wconf 91' lang='lat' dir='ltr'><strong>aquarum</strong></span> <span class='ocrx_word' id='word_1_19' title='bbox 448 430 642 498; x_wconf 89' lang='lat' dir='ltr'><strong>acceperunt,</strong></span> <span class='ocrx_word' id='word_1_20' title='bbox 665 430 712 495; x_wconf 96' lang='lat' dir='ltr'><strong>ut,</strong></span> <span class='ocrx_word' id='word_1_21' title='bbox 736 423 760 480; x_wconf 93' lang='lat' dir='ltr'><strong>si</strong></span> <span class='ocrx_word' id='word_1_22' title='bbox 782 440 868 481; x_wconf 91' lang='lat' dir='ltr'><strong>casus</strong></span> <span class='ocrx_word' id='word_1_23' title='bbox 890 421 1056 481; x_wconf 78' lang='lat' dir='ltr'><strong>alterutram</strong></span> <span class='ocrx_word' id='word_1_24' title='bbox 1080 422 1130 479; x_wconf 85' lang='lat' dir='ltr'><strong>inr-</strong></span> 
     </span>
     <span class='ocr_line' id='line_1_4' title="bbox 86 505 944 584; baseline -0.003 -19"><span class='ocrx_word' id='word_1_25' title='bbox 86 505 238 584; x_wconf 89' lang='lat' dir='ltr'><strong>pedisset,</strong></span> <span class='ocrx_word' id='word_1_26' title='bbox 261 505 352 564; x_wconf 90' lang='lat' dir='ltr'><strong>altera</strong></span> <span class='ocrx_word' id='word_1_27' title='bbox 375 505 539 563; x_wconf 85' lang='lat' dir='ltr'><strong>sufficiente</strong></span> <span class='ocrx_word' id='word_1_28' title='bbox 558 522 615 562; x_wconf 94' lang='lat' dir='ltr'><strong>non</strong></span> <span class='ocrx_word' id='word_1_29' title='bbox 635 505 944 564; x_wconf 79' lang='lat' dir='ltr'><strong>destituereturusus.</strong></span> 
     </span>
    </p>

    <p class='ocr_par' dir='ltr' id='par_1_3' title="bbox 83 587 1157 1406">
     <span class='ocr_line' id='line_1_5' title="bbox 172 587 1128 666; baseline -0.002 -17"><span class='ocrx_word' id='word_1_30' title='bbox 172 587 222 649; x_wconf 88' lang='lat'><strong>88.</strong></span> <span class='ocrx_word' id='word_1_31' title='bbox 268 589 361 648; x_wconf 90' lang='lat' dir='ltr'><strong>Sentit</strong></span> <span class='ocrx_word' id='word_1_32' title='bbox 378 589 452 648; x_wconf 89' lang='lat' dir='ltr'><strong>banc</strong></span> <span class='ocrx_word' id='word_1_33' title='bbox 468 607 565 647; x_wconf 88' lang='lat' dir='ltr'><strong>curam</strong></span> <span class='ocrx_word' id='word_1_34' title='bbox 580 588 768 666; x_wconf 85' lang='lat' dir='ltr'><strong>Imperatoris</strong></span> <span class='ocrx_word' id='word_1_35' title='bbox 786 590 905 666; x_wconf 81' lang='lat' dir='ltr'>piissimi</span> <span class='ocrx_word' id='word_1_36' title='bbox 920 588 1034 648; x_wconf 89' lang='lat' dir='ltr'><strong>Nervae</strong></span> <span class='ocrx_word' id='word_1_37' title='bbox 1051 588 1128 647; x_wconf 91' lang='lat' dir='ltr'><strong>Prin·</strong></span> 
     </span>
     <span class='ocr_line' id='line_1_6' title="bbox 86 672 1130 751; baseline 0.001 -19"><span class='ocrx_word' id='word_1_38' title='bbox 86 674 162 751; x_wconf 85' lang='lat' dir='ltr'>cipis</span> <span class='ocrx_word' id='word_1_39' title='bbox 191 673 235 731; x_wconf 92' lang='lat' dir='ltr'><strong>sui</strong></span> <span class='ocrx_word' id='word_1_40' title='bbox 262 674 364 749; x_wconf 88' lang='lat' dir='ltr'><strong>regina</strong></span> <span class='ocrx_word' id='word_1_41' title='bbox 394 681 422 731; x_wconf 90' lang='lat' dir='ltr'><strong>et</strong></span> <span class='ocrx_word' id='word_1_42' title='bbox 449 673 563 732; x_wconf 94' lang='lat' dir='ltr'><strong>domina</strong></span> <span class='ocrx_word' id='word_1_43' title='bbox 586 672 665 731; x_wconf 91' lang='lat' dir='ltr'><strong>orbis</strong></span> <span class='ocrx_word' id='word_1_44' title='bbox 693 675 721 731; x_wconf 92' lang='lat' dir='ltr'><strong>in</strong></span> <span class='ocrx_word' id='word_1_45' title='bbox 748 673 834 738; x_wconf 69' lang='lat' dir='ltr'><strong>dies;⁴</strong></span> <span class='ocrx_word' id='word_1_46' title='bbox 860 682 888 732; x_wconf 91' lang='lat' dir='ltr'><strong>et</strong></span> <span class='ocrx_word' id='word_1_47' title='bbox 909 675 1002 749; x_wconf 86' lang='lat' dir='ltr'><strong>magis</strong></span> <span class='ocrx_word' id='word_1_48' title='bbox 1025 675 1130 733; x_wconf 90' lang='lat' dir='ltr'><strong>sentiet</strong></span> 
     </span>
     <span class='ocr_line' id='line_1_7' title="bbox 85 756 1129 834; baseline -0.001 -17"><span class='ocrx_word' id='word_1_49' title='bbox 85 756 241 817; x_wconf 80' lang='lat' dir='ltr'>salubritas</span> <span class='ocrx_word' id='word_1_50' title='bbox 258 757 540 818; x_wconf 87' lang='lat' dir='ltr'><strong>eiusdem-aeternae</strong></span> <span class='ocrx_word' id='word_1_51' title='bbox 556 756 649 830; x_wconf 93' lang='lat' dir='ltr'><strong>urbis,</strong></span> <span class='ocrx_word' id='word_1_52' title='bbox 671 766 756 816; x_wconf 88' lang='lat' dir='ltr'><strong>aucto</strong></span> <span class='ocrx_word' id='word_1_53' title='bbox 774 757 977 831; x_wconf 87' lang='lat' dir='ltr'><strong>castellorum,</strong></span> <span class='ocrx_word' id='word_1_54' title='bbox 997 776 1129 834; x_wconf 87' lang='lat' dir='ltr'><strong>opernm,</strong></span> 
     </span>
     <span class='ocr_line' id='line_1_8' title="bbox 85 840 1157 919; baseline -0.001 -18"><span class='ocrx_word' id='word_1_55' title='bbox 85 859 235 901; x_wconf 87' lang='lat' dir='ltr'><strong>munerum</strong></span> <span class='ocrx_word' id='word_1_56' title='bbox 264 850 294 900; x_wconf 92' lang='lat' dir='ltr'><strong>et</strong></span> <span class='ocrx_word' id='word_1_57' title='bbox 323 841 437 900; x_wconf 91' lang='lat' dir='ltr'><strong>lacuum</strong></span> <span class='ocrx_word' id='word_1_58' title='bbox 462 858 591 900; x_wconf 87' lang='lat' dir='ltr'><strong>numero.</strong></span> <span class='ocrx_word' id='word_1_59' title='bbox 636 840 700 900; x_wconf 89' lang='lat' dir='ltr'><strong>Neo</strong></span> <span class='ocrx_word' id='word_1_60' title='bbox 725 842 818 900; x_wconf 90' lang='lat' dir='ltr'><strong>minus</strong></span> <span class='ocrx_word' id='word_1_61' title='bbox 840 842 876 901; x_wconf 89' lang='lat' dir='ltr'><strong>ad</strong></span> <span class='ocrx_word' id='word_1_62' title='bbox 896 844 1026 919; x_wconf 76' lang='lat' dir='ltr'><strong>privatos</strong></span> <span class='ocrx_word' id='word_1_63' title='bbox 1052 840 1157 901; x_wconf 83' lang='lat' dir='ltr'><strong>com--¹</strong></span> 
     </span>
     <span class='ocr_line' id='line_1_9' title="bbox 84 924 1129 1004; baseline 0.001 -20"><span class='ocrx_word' id='word_1_64' title='bbox 84 925 201 984; x_wconf 92' lang='lat' dir='ltr'><strong>modum</strong></span> <span class='ocrx_word' id='word_1_65' title='bbox 220 943 257 984; x_wconf 87' lang='lat' dir='ltr'><strong>ex</strong></span> <span class='ocrx_word' id='word_1_66' title='bbox 280 927 459 993; x_wconf 75' lang='lat' dir='ltr'><strong>incremento</strong></span> <span class='ocrx_word' id='word_1_67' title='bbox 481 925 691 984; x_wconf 82' lang='lat' dir='ltr'><strong>beneticiorum</strong></span> <span class='ocrx_word' id='word_1_68' title='bbox 715 927 777 984; x_wconf 92' lang='lat' dir='ltr'><strong>eius</strong></span> <span class='ocrx_word' id='word_1_69' title='bbox 795 924 975 987; x_wconf 86' lang='lat' dir='ltr'><strong>diffunditur:</strong></span> <span class='ocrx_word' id='word_1_70' title='bbox 999 926 1039 984; x_wconf 96' lang='lat' dir='ltr'><strong>illi</strong></span> <span class='ocrx_word' id='word_1_71' title='bbox 1058 944 1129 1004; x_wconf 89' lang='lat' dir='ltr'><strong>qno·</strong></span> 
     </span>
     <span class='ocr_line' id='line_1_10' title="bbox 85 1008 1130 1088; baseline 0.002 -21"><span class='ocrx_word' id='word_1_72' title='bbox 85 1028 159 1088; x_wconf 88' lang='lat' dir='ltr'><strong>que,</strong></span> <span class='ocrx_word' id='word_1_73' title='bbox 193 1009 242 1085; x_wconf 88' lang='lat' dir='ltr'><strong>qui</strong></span> <span class='ocrx_word' id='word_1_74' title='bbox 268 1010 356 1068; x_wconf 93' lang='lat' dir='ltr'><strong>timidi</strong></span> <span class='ocrx_word' id='word_1_75' title='bbox 384 1009 522 1068; x_wconf 79' lang='lat' dir='ltr'>inlicitam</span> <span class='ocrx_word' id='word_1_76' title='bbox 548 1026 651 1085; x_wconf 89' lang='lat' dir='ltr'><strong>aquam</strong></span> <span class='ocrx_word' id='word_1_77' title='bbox 674 1008 836 1081; x_wconf 72' lang='lat' dir='ltr'><strong>ducebant,</strong></span> <span class='ocrx_word' id='word_1_78' title='bbox 869 1011 966 1068; x_wconf 89' lang='lat' dir='ltr'><strong>securi</strong></span> <span class='ocrx_word' id='word_1_79' title='bbox 994 1029 1069 1069; x_wconf 93' lang='lat' dir='ltr'><strong>nunc</strong></span> <span class='ocrx_word' id='word_1_80' title='bbox 1092 1029 1130 1069; x_wconf 88' lang='lat' dir='ltr'><strong>ex</strong></span> 
     </span>
     <span class='ocr_line' id='line_1_11' title="bbox 86 1092 1128 1170; baseline -0.001 -18"><span class='ocrx_word' id='word_1_81' title='bbox 86 1093 237 1152; x_wconf 87' lang='lat' dir='ltr'><strong>beneficiis</strong></span> <span class='ocrx_word' id='word_1_82' title='bbox 259 1093 399 1155; x_wconf 81' lang='lat' dir='ltr'><strong>fruuntur.</strong></span> <span class='ocrx_word' id='word_1_83' title='bbox 443 1092 488 1152; x_wconf 91' lang='lat' dir='ltr'><strong>Ne</strong></span> <span class='ocrx_word' id='word_1_84' title='bbox 507 1102 667 1170; x_wconf 86' lang='lat' dir='ltr'><strong>pereuntes</strong></span> <span class='ocrx_word' id='word_1_85' title='bbox 681 1092 796 1169; x_wconf 84' lang='lat' dir='ltr'><strong>quidem</strong></span> <span class='ocrx_word' id='word_1_86' title='bbox 812 1110 903 1169; x_wconf 78' lang='lat' dir='ltr'><strong>aquae</strong></span> <span class='ocrx_word' id='word_1_87' title='bbox 921 1095 1034 1152; x_wconf 87' lang='lat' dir='ltr'><strong>otiosae</strong></span> <span class='ocrx_word' id='word_1_88' title='bbox 1047 1103 1128 1152; x_wconf 91' lang='lat' dir='ltr'><strong>sunt:</strong></span> 
     </span>
     <span class='ocr_line' id='line_1_12' title="bbox 85 1176 1129 1253; baseline -0.003 -15"><span class='ocrx_word' id='word_1_89' title='bbox 85 1178 142 1238; x_wconf 88' lang='lat' dir='ltr'><strong>alia</strong></span> <span class='ocrx_word' id='word_1_90' title='bbox 164 1178 220 1237; x_wconf 89' lang='lat' dir='ltr'><strong>iam</strong></span> <span class='ocrx_word' id='word_1_91' title='bbox 242 1178 441 1238; x_wconf 89' lang='lat' dir='ltr'><strong>munditiarum</strong></span> <span class='ocrx_word' id='word_1_92' title='bbox 461 1177 567 1241; x_wconf 88' lang='lat' dir='ltr'><strong>iacies;</strong></span> <span class='ocrx_word' id='word_1_93' title='bbox 597 1177 697 1253; x_wconf 93' lang='lat' dir='ltr'><strong>purior</strong></span> <span class='ocrx_word' id='word_1_94' title='bbox 719 1176 852 1252; x_wconf 91' lang='lat' dir='ltr'><strong>spiritus;</strong></span> <span class='ocrx_word' id='word_1_95' title='bbox 882 1185 910 1235; x_wconf 92' lang='lat' dir='ltr'><strong>et</strong></span> <span class='ocrx_word' id='word_1_96' title='bbox 932 1194 1039 1236; x_wconf 89' lang='lat' dir='ltr'><strong>causae</strong></span> <span class='ocrx_word' id='word_1_97' title='bbox 1061 1194 1129 1253; x_wconf 88' lang='lat' dir='ltr'><strong>gra·</strong></span> 
     </span>
     <span class='ocr_line' id='line_1_13' title="bbox 84 1258 1130 1339; baseline -0.003 -18"><span class='ocrx_word' id='word_1_98' title='bbox 84 1262 176 1321; x_wconf 85' lang='lat' dir='ltr'><strong>vioris</strong></span> <span class='ocrx_word' id='word_1_99' title='bbox 198 1262 291 1338; x_wconf 89' lang='lat' dir='ltr'><strong>coeli,</strong></span> <span class='ocrx_word' id='word_1_100' title='bbox 314 1261 417 1339; x_wconf 89' lang='lat' dir='ltr'><strong>quibus</strong></span> <span class='ocrx_word' id='word_1_101' title='bbox 437 1261 513 1339; x_wconf 88' lang='lat' dir='ltr'><strong>apud</strong></span> <span class='ocrx_word' id='word_1_102' title='bbox 534 1270 653 1320; x_wconf 89' lang='lat' dir='ltr'><strong>veteres</strong></span> <span class='ocrx_word' id='word_1_103' title='bbox 673 1258 754 1319; x_wconf 87' lang='lat' dir='ltr'><strong>urbis</strong></span> <span class='ocrx_word' id='word_1_104' title='bbox 775 1259 887 1319; x_wconf 85' lang='lat' dir='ltr'><strong>infamis</strong></span> <span class='ocrx_word' id='word_1_105' title='bbox 905 1267 957 1318; x_wconf 72' lang='lat' dir='ltr'><strong>aer</strong></span> <span class='ocrx_word' id='word_1_106' title='bbox 972 1260 1040 1335; x_wconf 86' lang='lat' dir='ltr'><strong>fuit,</strong></span> <span class='ocrx_word' id='word_1_107' title='bbox 1064 1269 1130 1319; x_wconf 91' lang='lat' dir='ltr'><strong>suut</strong></span> 
     </span>
     <span class='ocr_line' id='line_1_14' title="bbox 83 1354 884 1406; baseline 0.002 -2"><span class='ocrx_word' id='word_1_108' title='bbox 83 1354 227 1405; x_wconf 87' lang='lat' dir='ltr'><strong>remotae.</strong></span> <span class='ocrx_word' id='word_1_109' title='bbox 766 1368 776 1379; x_wconf 93' lang='lat'><strong>·</strong></span> <span class='ocrx_word' id='word_1_110' title='bbox 880 1401 884 1406; x_wconf 90' lang='lat'>.</span> 
     </span>
    </p>

    <p class='ocr_par' dir='ltr' id='par_1_4' title="bbox 82 1427 1129 1677">
     <span class='ocr_line' id='line_1_15' title="bbox 172 1427 1128 1507; baseline -0.003 -19"><span class='ocrx_word' id='word_1_111' title='bbox 172 1429 399 1507; x_wconf 73' lang='lat' dir='ltr'><strong>Non‘praeterit</strong></span> <span class='ocrx_word' id='word_1_112' title='bbox 418 1448 481 1504; x_wconf 88' lang='lat' dir='ltr'><strong>me,</strong></span> <span class='ocrx_word' id='word_1_113' title='bbox 505 1429 606 1489; x_wconf 91' lang='lat' dir='ltr'><strong>deberi</strong></span> <span class='ocrx_word' id='word_1_114' title='bbox 628 1429 713 1507; x_wconf 91' lang='lat' dir='ltr'><strong>operi</strong></span> <span class='ocrx_word' id='word_1_115' title='bbox 734 1446 828 1488; x_wconf 89' lang='lat' dir='ltr'><strong>novae</strong></span> <span class='ocrx_word' id='word_1_116' title='bbox 849 1427 1028 1505; x_wconf 82' lang='lat' dir='ltr'><strong>erogationis</strong></span> <span class='ocrx_word' id='word_1_117' title='bbox 1052 1427 1128 1486; x_wconf 92' lang='lat' dir='ltr'><strong>ordi·</strong></span> 
     </span>
     <span class='ocr_line' id='line_1_16' title="bbox 82 1511 1129 1587; baseline -0.003 -15"><span class='ocrx_word' id='word_1_118' title='bbox 82 1515 247 1578; x_wconf 87' lang='lat' dir='ltr'><strong>nationem;</strong></span> <span class='ocrx_word' id='word_1_119' title='bbox 277 1514 329 1574; x_wconf 86' lang='lat' dir='ltr'><strong>sed</strong></span> <span class='ocrx_word' id='word_1_120' title='bbox 357 1514 432 1573; x_wconf 93' lang='lat' dir='ltr'><strong>baec</strong></span> <span class='ocrx_word' id='word_1_121' title='bbox 455 1532 518 1572; x_wconf 90' lang='lat' dir='ltr'><strong>cum</strong></span> <span class='ocrx_word' id='word_1_122' title='bbox 541 1515 719 1573; x_wconf 90' lang='lat' dir='ltr'><strong>incremento</strong></span> <span class='ocrx_word' id='word_1_123' title='bbox 742 1513 973 1586; x_wconf 88' lang='lat' dir='ltr'><strong>adiunxerimus,</strong></span> <span class='ocrx_word' id='word_1_124' title='bbox 1004 1511 1129 1587; x_wconf 82' lang='lat' dir='ltr'><strong>intelligi</strong></span> 
     </span>
     <span class='ocr_line' id='line_1_17' title="bbox 85 1597 1082 1677; baseline 0 -20"><span class='ocrx_word' id='word_1_125' title='bbox 85 1608 221 1677; x_wconf 88' lang='lat' dir='ltr'><strong>oportet,</strong></span> <span class='ocrx_word' id='word_1_126' title='bbox 244 1615 302 1673; x_wconf 82' lang='lat' dir='ltr'><strong>pon</strong></span> <span class='ocrx_word' id='word_1_127' title='bbox 325 1616 392 1657; x_wconf 92' lang='lat' dir='ltr'><strong>esse</strong></span> <span class='ocrx_word' id='word_1_128' title='bbox 414 1617 449 1658; x_wconf 88' lang='lat' dir='ltr'><strong>ea</strong></span> <span class='ocrx_word' id='word_1_129' title='bbox 473 1599 624 1676; x_wconf 88' lang='lat' dir='ltr'><strong>ponenda,</strong></span> <span class='ocrx_word' id='word_1_130' title='bbox 648 1600 704 1657; x_wconf 91' lang='lat' dir='ltr'><strong>uisi</strong></span> <span class='ocrx_word' id='word_1_131' title='bbox 725 1598 921 1658; x_wconf 86' lang='lat' dir='ltr'><strong>consummata</strong></span> <span class='ocrx_word' id='word_1_132' title='bbox 943 1597 1082 1657; x_wconf 88' lang='lat' dir='ltr'><strong>fuerint..</strong></span> 
     </span>
    </p>

    <p class='ocr_par' dir='ltr' id='par_1_5' title="bbox 39 1682 1129 2763">
     <span class='ocr_line' id='line_1_18' title="bbox 172 1682 1128 1764; baseline -0.004 -22"><span class='ocrx_word' id='word_1_133' title='bbox 172 1683 221 1742; x_wconf 82' lang='lat'><strong>89.</strong></span> <span class='ocrx_word' id='word_1_134' title='bbox 268 1682 358 1757; x_wconf 86' lang='lat' dir='ltr'><strong>Quid,</strong></span> <span class='ocrx_word' id='word_1_135' title='bbox 396 1684 474 1761; x_wconf 94' lang='lat' dir='ltr'><strong>quod</strong></span> <span class='ocrx_word' id='word_1_136' title='bbox 502 1701 538 1743; x_wconf 91' lang='lat' dir='ltr'><strong>ne</strong></span> <span class='ocrx_word' id='word_1_137' title='bbox 567 1683 624 1742; x_wconf 91' lang='lat' dir='ltr'><strong>hoc</strong></span> <span class='ocrx_word' id='word_1_138' title='bbox 656 1683 823 1760; x_wconf 86' lang='lat' dir='ltr'><strong>diligentiae</strong></span> <span class='ocrx_word' id='word_1_139' title='bbox 851 1682 1009 1764; x_wconf 89' lang='lat' dir='ltr'><strong>Principis,</strong></span> <span class='ocrx_word' id='word_1_140' title='bbox 1043 1698 1128 1758; x_wconf 91' lang='lat' dir='ltr'><strong>quam</strong></span> 
     </span>
     <span class='ocr_line' id='line_1_19' title="bbox 85 1758 1128 1844; baseline -0.005 -17"><span class='ocrx_word' id='word_1_141' title='bbox 85 1768 299 1827; x_wconf 76' lang='lat' dir='ltr'><strong>exactissimam</strong></span> <span class='ocrx_word' id='word_1_142' title='bbox 320 1766 431 1826; x_wconf 91' lang='lat' dir='ltr'><strong>civibus</strong></span> <span class='ocrx_word' id='word_1_143' title='bbox 453 1769 512 1826; x_wconf 93' lang='lat' dir='ltr'><strong>suis</strong></span> <span class='ocrx_word' id='word_1_144' title='bbox 536 1777 683 1844; x_wconf 77' lang='lat' dir='ltr'><strong>praestat,</strong></span> <span class='ocrx_word' id='word_1_145' title='bbox 707 1758 829 1842; x_wconf 80' lang='lat' dir='ltr'><strong>suflicit,</strong></span> <span class='ocrx_word' id='word_1_146' title='bbox 852 1785 951 1843; x_wconf 90' lang='lat' dir='ltr'><strong>parum</strong></span> <span class='ocrx_word' id='word_1_147' title='bbox 974 1765 1128 1843; x_wconf 87' lang='lat' dir='ltr'><strong>praesidiis</strong></span> 
     </span>
     <span class='ocr_line' id='line_1_20' title="bbox 84 1840 1128 1929; baseline -0.004 -18"><span class='ocrx_word' id='word_1_148' title='bbox 84 1871 120 1912; x_wconf 90' lang='lat' dir='ltr'><strong>ae</strong></span> <span class='ocrx_word' id='word_1_149' title='bbox 147 1850 343 1929; x_wconf 92' lang='lat' dir='ltr'><strong>voluptatibus</strong></span> <span class='ocrx_word' id='word_1_150' title='bbox 369 1851 476 1908; x_wconf 90' lang='lat' dir='ltr'><strong>nostris</strong></span> <span class='ocrx_word' id='word_1_151' title='bbox 504 1851 663 1909; x_wconf 85' lang='lat' dir='ltr'><strong>contulisse</strong></span> <span class='ocrx_word' id='word_1_152' title='bbox 685 1869 754 1910; x_wconf 92' lang='lat' dir='ltr'><strong>sese</strong></span> <span class='ocrx_word' id='word_1_153' title='bbox 776 1851 939 1924; x_wconf 88' lang='lat' dir='ltr'><strong>credentis,</strong></span> <span class='ocrx_word' id='word_1_154' title='bbox 969 1840 1049 1926; x_wconf 88' lang='lat' dir='ltr'><strong>quod</strong></span> <span class='ocrx_word' id='word_1_155' title='bbox 1067 1859 1128 1908; x_wconf 92' lang='lat' dir='ltr'><strong>tan·</strong></span> 
     </span>
     <span class='ocr_line' id='line_1_21' title="bbox 84 1928 1127 2012; baseline -0.005 -17"><span class='ocrx_word' id='word_1_156' title='bbox 84 1945 141 1996; x_wconf 95' lang='lat' dir='ltr'><strong>tam</strong></span> <span class='ocrx_word' id='word_1_157' title='bbox 162 1938 276 2012; x_wconf 90' lang='lat' dir='ltr'><strong>copiam</strong></span> <span class='ocrx_word' id='word_1_158' title='bbox 298 1934 421 2007; x_wconf 88' lang='lat' dir='ltr'><strong>adiecit,</strong></span> <span class='ocrx_word' id='word_1_159' title='bbox 443 1935 498 1992; x_wconf 91' lang='lat' dir='ltr'><strong>nisi</strong></span> <span class='ocrx_word' id='word_1_160' title='bbox 521 1936 694 2010; x_wconf 88' lang='lat' dir='ltr'><strong>eamipsam</strong></span> <span class='ocrx_word' id='word_1_161' title='bbox 710 1935 900 1992; x_wconf 88' lang='lat' dir='ltr'><strong>sinceriorem</strong></span> <span class='ocrx_word' id='word_1_162' title='bbox 917 1928 1127 1991; x_wconf 89' lang='lat' dir='ltr'><strong>iucundiorem·</strong></span> 
     </span>
     <span class='ocr_line' id='line_1_22' title="bbox 83 2016 1128 2096; baseline -0.003 -20"><span class='ocrx_word' id='word_1_163' title='bbox 83 2038 142 2096; x_wconf 85' lang='lat' dir='ltr'><strong>que</strong></span> <span class='ocrx_word' id='word_1_164' title='bbox 163 2016 270 2078; x_wconf 82' lang='lat' dir='ltr'><strong>faciat?</strong></span> <span class='ocrx_word' id='word_1_165' title='bbox 316 2016 432 2094; x_wconf 87' lang='lat' dir='ltr'><strong>Operae</strong></span> <span class='ocrx_word' id='word_1_166' title='bbox 454 2018 576 2094; x_wconf 87' lang='lat' dir='ltr'><strong>pretium</strong></span> <span class='ocrx_word' id='word_1_167' title='bbox 598 2026 661 2091; x_wconf 89' lang='lat' dir='ltr'><strong>est,</strong></span> <span class='ocrx_word' id='word_1_168' title='bbox 684 2019 726 2074; x_wconf 90' lang='lat' dir='ltr'><strong>ire</strong></span> <span class='ocrx_word' id='word_1_169' title='bbox 747 2035 801 2093; x_wconf 88' lang='lat' dir='ltr'><strong>per</strong></span> <span class='ocrx_word' id='word_1_170' title='bbox 823 2016 950 2091; x_wconf 85' lang='lat' dir='ltr'><strong>singula,</strong></span> <span class='ocrx_word' id='word_1_171' title='bbox 977 2016 1031 2091; x_wconf 80' lang='lat' dir='ltr'><strong>per</strong></span> <span class='ocrx_word' id='word_1_172' title='bbox 1052 2033 1128 2093; x_wconf 87' lang='lat' dir='ltr'><strong>quae</strong></span> 
     </span>
     <span class='ocr_line' id='line_1_23' title="bbox 83 2099 1126 2176; baseline -0.006 -14"><span class='ocrx_word' id='word_1_173' title='bbox 83 2104 134 2163; x_wconf 90' lang='lat' dir='ltr'><strong>ille</strong></span> <span class='ocrx_word' id='word_1_174' title='bbox 166 2101 347 2160; x_wconf 83' lang='lat' dir='ltr'><strong>occurrendo</strong></span> <span class='ocrx_word' id='word_1_175' title='bbox 375 2101 452 2158; x_wconf 89' lang='lat' dir='ltr'><strong>vitiis</strong></span> <span class='ocrx_word' id='word_1_176' title='bbox 478 2100 655 2176; x_wconf 90' lang='lat' dir='ltr'><strong>quarundam</strong></span> <span class='ocrx_word' id='word_1_177' title='bbox 676 2101 819 2159; x_wconf 87' lang='lat' dir='ltr'><strong>universis</strong></span> <span class='ocrx_word' id='word_1_178' title='bbox 842 2100 947 2158; x_wconf 90' lang='lat' dir='ltr'><strong>adiecit</strong></span> <span class='ocrx_word' id='word_1_179' title='bbox 966 2099 1126 2157; x_wconf 91' lang='lat' dir='ltr'><strong>utilitatem.</strong></span> 
     </span>
     <span class='ocr_line' id='line_1_24' title="bbox 83 2181 1127 2262; baseline -0.007 -15"><span class='ocrx_word' id='word_1_180' title='bbox 83 2188 200 2247; x_wconf 87' lang='lat' dir='ltr'><strong>Etenim</strong></span> <span class='ocrx_word' id='word_1_181' title='bbox 222 2186 337 2262; x_wconf 82' lang='lat' dir='ltr'><strong>quando</strong></span> <span class='ocrx_word' id='word_1_182' title='bbox 360 2186 461 2243; x_wconf 88' lang='lat' dir='ltr'><strong>civitas</strong></span> <span class='ocrx_word' id='word_1_183' title='bbox 481 2193 596 2257; x_wconf 87' lang='lat' dir='ltr'><strong>nostra,</strong></span> <span class='ocrx_word' id='word_1_184' title='bbox 621 2201 684 2242; x_wconf 91' lang='lat' dir='ltr'><strong>cum</strong></span> <span class='ocrx_word' id='word_1_185' title='bbox 706 2183 755 2243; x_wconf 89' lang='lat' dir='ltr'><strong>vel</strong></span> <span class='ocrx_word' id='word_1_186' title='bbox 780 2185 877 2259; x_wconf 86' lang='lat' dir='ltr'><strong>exigui</strong></span> <span class='ocrx_word' id='word_1_187' title='bbox 896 2181 1004 2241; x_wconf 91' lang='lat' dir='ltr'><strong>imbres</strong></span> <span class='ocrx_word' id='word_1_188' title='bbox 1024 2198 1127 2259; x_wconf 87' lang='lat' dir='ltr'><strong>super·</strong></span> 
     </span>
     <span class='ocr_line' id='line_1_25' title="bbox 85 2265 1129 2346; baseline -0.006 -16"><span class='ocrx_word' id='word_1_189' title='bbox 85 2279 242 2344; x_wconf 90' lang='lat' dir='ltr'><strong>venerant,</strong></span> <span class='ocrx_word' id='word_1_190' title='bbox 275 2286 333 2327; x_wconf 92' lang='lat' dir='ltr'><strong>non</strong></span> <span class='ocrx_word' id='word_1_191' title='bbox 362 2268 542 2327; x_wconf 90' lang='lat' dir='ltr'><strong>turbulentas</strong></span> <span class='ocrx_word' id='word_1_192' title='bbox 571 2268 748 2346; x_wconf 90' lang='lat' dir='ltr'><strong>limosasque</strong></span> <span class='ocrx_word' id='word_1_193' title='bbox 778 2286 868 2345; x_wconf 88' lang='lat' dir='ltr'><strong>aquas</strong></span> <span class='ocrx_word' id='word_1_194' title='bbox 900 2265 1021 2326; x_wconf 81' lang='lat' dir='ltr'><strong>habuitt</strong></span> <span class='ocrx_word' id='word_1_195' title='bbox 1064 2265 1129 2326; x_wconf 90' lang='lat' dir='ltr'><strong>Nec</strong></span> 
     </span>
     <span class='ocr_line' id='line_1_26' title="bbox 84 2351 1127 2439; baseline -0.005 -25"><span class='ocrx_word' id='word_1_196' title='bbox 84 2357 152 2433; x_wconf 91' lang='lat' dir='ltr'><strong>quia</strong></span> <span class='ocrx_word' id='word_1_197' title='bbox 173 2354 229 2412; x_wconf 88' lang='lat' dir='ltr'><strong>hoc</strong></span> <span class='ocrx_word' id='word_1_198' title='bbox 253 2353 396 2412; x_wconf 90' lang='lat' dir='ltr'><strong>universis</strong></span> <span class='ocrx_word' id='word_1_199' title='bbox 415 2352 451 2411; x_wconf 91' lang='lat' dir='ltr'><strong>ab</strong></span> <span class='ocrx_word' id='word_1_200' title='bbox 474 2353 586 2428; x_wconf 89' lang='lat' dir='ltr'><strong>origine</strong></span> <span class='ocrx_word' id='word_1_201' title='bbox 607 2360 727 2439; x_wconf 72' lang='lat' dir='ltr'><strong>naturae</strong></span> <span class='ocrx_word' id='word_1_202' title='bbox 747 2362 809 2427; x_wconf 92' lang='lat' dir='ltr'><strong>est,</strong></span> <span class='ocrx_word' id='word_1_203' title='bbox 833 2361 881 2412; x_wconf 93' lang='lat' dir='ltr'><strong>aut</strong></span> <span class='ocrx_word' id='word_1_204' title='bbox 902 2353 967 2428; x_wconf 90' lang='lat' dir='ltr'><strong>quia</strong></span> <span class='ocrx_word' id='word_1_205' title='bbox 991 2351 1065 2410; x_wconf 94' lang='lat' dir='ltr'><strong>istud</strong></span> <span class='ocrx_word' id='word_1_206' title='bbox 1086 2352 1127 2409; x_wconf 92' lang='lat' dir='ltr'><strong>in·</strong></span> 
     </span>
     <span class='ocr_line' id='line_1_27' title="bbox 81 2435 1128 2515; baseline -0.004 -17"><span class='ocrx_word' id='word_1_207' title='bbox 81 2438 267 2498; x_wconf 88' lang='lat' dir='ltr'><strong>commodum</strong></span> <span class='ocrx_word' id='word_1_208' title='bbox 299 2439 407 2496; x_wconf 88' lang='lat' dir='ltr'><strong>sentire</strong></span> <span class='ocrx_word' id='word_1_209' title='bbox 437 2436 564 2496; x_wconf 90' lang='lat' dir='ltr'><strong>debeant</strong></span> <span class='ocrx_word' id='word_1_210' title='bbox 590 2445 661 2515; x_wconf 89' lang='lat' dir='ltr'><strong>quot</strong></span> <span class='ocrx_word' id='word_1_211' title='bbox 689 2439 839 2515; x_wconf 89' lang='lat' dir='ltr'><strong>capiuntur</strong></span> <span class='ocrx_word' id='word_1_212' title='bbox 861 2456 899 2495; x_wconf 85' lang='lat' dir='ltr'><strong>ex</strong></span> <span class='ocrx_word' id='word_1_213' title='bbox 922 2435 1066 2502; x_wconf 85' lang='lat' dir='ltr'><strong>lontibus;</strong></span> <span class='ocrx_word' id='word_1_214' title='bbox 1099 2437 1128 2494; x_wconf 92' lang='lat' dir='ltr'><strong>in</strong></span> 
     </span>
     <span class='ocr_line' id='line_1_28' title="bbox 86 2516 1128 2601; baseline 0 -21"><span class='ocrx_word' id='word_1_215' title='bbox 86 2524 185 2601; x_wconf 87' lang='lat' dir='ltr'><strong>primis</strong></span> <span class='ocrx_word' id='word_1_216' title='bbox 203 2522 311 2587; x_wconf 73' lang='lat' dir='ltr'><strong>Marcia</strong></span> <span class='ocrx_word' id='word_1_217' title='bbox 333 2531 361 2582; x_wconf 90' lang='lat' dir='ltr'><strong>et</strong></span> <span class='ocrx_word' id='word_1_218' title='bbox 383 2520 520 2596; x_wconf 84' lang='lat' dir='ltr'><strong>Claudia,</strong></span> <span class='ocrx_word' id='word_1_219' title='bbox 547 2540 582 2582; x_wconf 89' lang='lat' dir='ltr'><strong>ec</strong></span> <span class='ocrx_word' id='word_1_220' title='bbox 604 2521 751 2599; x_wconf 83' lang='lat' dir='ltr'><strong>reliquae,</strong></span> <span class='ocrx_word' id='word_1_221' title='bbox 782 2539 901 2599; x_wconf 89' lang='lat' dir='ltr'><strong>quarum</strong></span> <span class='ocrx_word' id='word_1_222' title='bbox 924 2516 1079 2597; x_wconf 85' lang='lat' dir='ltr'><strong>spleirdor,</strong></span> <span class='ocrx_word' id='word_1_223' title='bbox 1111 2538 1128 2580; x_wconf 89' lang='lat' dir='ltr'><strong>a</strong></span> 
     </span>
     <span class='ocr_line' id='line_1_29' title="bbox 85 2606 1128 2685; baseline -0.002 -19"><span class='ocrx_word' id='word_1_224' title='bbox 85 2607 183 2684; x_wconf 88' lang='lat' dir='ltr'><strong>capite</strong></span> <span class='ocrx_word' id='word_1_225' title='bbox 202 2608 332 2682; x_wconf 86' lang='lat' dir='ltr'><strong>integer,</strong></span> <span class='ocrx_word' id='word_1_226' title='bbox 355 2607 424 2666; x_wconf 94' lang='lat' dir='ltr'><strong>nihil</strong></span> <span class='ocrx_word' id='word_1_227' title='bbox 444 2615 492 2666; x_wconf 92' lang='lat' dir='ltr'><strong>aut</strong></span> <span class='ocrx_word' id='word_1_228' title='bbox 512 2607 655 2665; x_wconf 92' lang='lat' dir='ltr'><strong>minimum</strong></span> <span class='ocrx_word' id='word_1_229' title='bbox 676 2607 773 2684; x_wconf 90' lang='lat' dir='ltr'><strong>pluvia</strong></span> <span class='ocrx_word' id='word_1_230' title='bbox 795 2606 973 2685; x_wconf 88' lang='lat' dir='ltr'><strong>inquinatur,</strong></span> <span class='ocrx_word' id='word_1_231' title='bbox 997 2607 1021 2663; x_wconf 94' lang='lat' dir='ltr'><strong>si</strong></span> <span class='ocrx_word' id='word_1_232' title='bbox 1040 2615 1128 2683; x_wconf 87' lang='lat' dir='ltr'><strong>putea</strong></span> 
     </span>
     <span class='ocr_line' id='line_1_30' title="bbox 39 2691 993 2763; baseline -0.004 -13"><span class='ocrx_word' id='word_1_233' title='bbox 39 2730 41 2734; x_wconf 30' lang='grc' dir='ltr'><strong><em>ι</em></strong></span> <span class='ocrx_word' id='word_1_234' title='bbox 85 2699 236 2750; x_wconf 86' lang='lat' dir='ltr'><strong>exstructa</strong></span> <span class='ocrx_word' id='word_1_235' title='bbox 259 2700 288 2748; x_wconf 89' lang='lat' dir='ltr'><strong>et</strong></span> <span class='ocrx_word' id='word_1_236' title='bbox 308 2691 425 2751; x_wconf 90' lang='lat' dir='ltr'><strong>obiecta</strong></span> <span class='ocrx_word' id='word_1_237' title='bbox 448 2692 514 2763; x_wconf 78' lang='lat' dir='ltr'><strong>sint.</strong></span> <span class='ocrx_word' id='word_1_238' title='bbox 990 2693 993 2697; x_wconf 75' lang='grc'>’</span> 
     </span>
    </p>

    <p class='ocr_par' dir='ltr' id='par_1_6' title="bbox 84 2770 1131 3513">
     <span class='ocr_line' id='line_1_31' title="bbox 173 2770 1128 2850; baseline -0.002 -18"><span class='ocrx_word' id='word_1_239' title='bbox 173 2773 223 2832; x_wconf 77' lang='grc'><strong>90.</strong></span> <span class='ocrx_word' id='word_1_240' title='bbox 267 2772 350 2832; x_wconf 87' lang='lat' dir='ltr'><strong>Duae</strong></span> <span class='ocrx_word' id='word_1_241' title='bbox 380 2792 474 2850; x_wconf 89' lang='lat' dir='ltr'><strong>aquae</strong></span> <span class='ocrx_word' id='word_1_242' title='bbox 502 2773 633 2845; x_wconf 73' lang='lat' dir='ltr'><strong>Anionis,</strong></span> <span class='ocrx_word' id='word_1_243' title='bbox 653 2775 744 2832; x_wconf 93' lang='lat' dir='ltr'><strong>minus</strong></span> <span class='ocrx_word' id='word_1_244' title='bbox 777 2779 947 2848; x_wconf 90' lang='lat' dir='ltr'><strong>permanent</strong></span> <span class='ocrx_word' id='word_1_245' title='bbox 975 2770 1128 2848; x_wconf 61' lang='lat' dir='ltr'><strong>limpidam</strong></span> 
     </span>
     <span class='ocr_line' id='line_1_32' title="bbox 84 2853 1126 2934; baseline -0.005 -16"><span class='ocrx_word' id='word_1_246' title='bbox 84 2877 149 2918; x_wconf 91' lang='lat' dir='ltr'><strong>nam</strong></span> <span class='ocrx_word' id='word_1_247' title='bbox 168 2865 314 2915; x_wconf 92' lang='lat' dir='ltr'><strong>sumuntur</strong></span> <span class='ocrx_word' id='word_1_248' title='bbox 335 2875 373 2915; x_wconf 87' lang='lat' dir='ltr'><strong>ex</strong></span> <span class='ocrx_word' id='word_1_249' title='bbox 395 2857 527 2932; x_wconf 77' lang='lat' dir='ltr'><strong>ilunnne,</strong></span> <span class='ocrx_word' id='word_1_250' title='bbox 551 2877 585 2917; x_wconf 90' lang='lat' dir='ltr'><strong>ac</strong></span> <span class='ocrx_word' id='word_1_251' title='bbox 608 2875 699 2934; x_wconf 90' lang='lat' dir='ltr'><strong>saepe</strong></span> <span class='ocrx_word' id='word_1_252' title='bbox 724 2857 809 2914; x_wconf 88' lang='lat' dir='ltr'><strong>etiam</strong></span> <span class='ocrx_word' id='word_1_253' title='bbox 833 2872 940 2914; x_wconf 90' lang='lat' dir='ltr'><strong>sereno</strong></span> <span class='ocrx_word' id='word_1_254' title='bbox 964 2853 1126 2913; x_wconf 90' lang='lat' dir='ltr'><strong>turbantur:</strong></span> 
     </span>
     <span class='ocr_line' id='line_1_33' title="bbox 85 2938 1128 3021; baseline -0.003 -20"><span class='ocrx_word' id='word_1_255' title='bbox 85 2943 220 3021; x_wconf 89' lang='lat' dir='ltr'><strong>qnoniam</strong></span> <span class='ocrx_word' id='word_1_256' title='bbox 248 2939 340 3014; x_wconf 84' lang='lat' dir='ltr'><strong>Anio,</strong></span> <span class='ocrx_word' id='word_1_257' title='bbox 373 2943 502 3016; x_wconf 85' lang='lat' dir='ltr'><strong>quamvis</strong></span> <span class='ocrx_word' id='word_1_258' title='bbox 531 2943 686 3019; x_wconf 91' lang='lat' dir='ltr'><strong>purissimo</strong></span> <span class='ocrx_word' id='word_1_259' title='bbox 715 2938 847 3000; x_wconf 91' lang='lat' dir='ltr'><strong>delluens</strong></span> <span class='ocrx_word' id='word_1_260' title='bbox 877 2940 959 3014; x_wconf 91' lang='lat' dir='ltr'><strong>lacu,</strong></span> <span class='ocrx_word' id='word_1_261' title='bbox 992 2938 1128 2998; x_wconf 88' lang='lat' dir='ltr'><strong>mollibus</strong></span> 
     </span>
     <span class='ocr_line' id='line_1_34' title="bbox 84 3023 1128 3102; baseline -0.004 -16"><span class='ocrx_word' id='word_1_262' title='bbox 84 3038 181 3086; x_wconf 90' lang='lat' dir='ltr'><strong>tamen</strong></span> <span class='ocrx_word' id='word_1_263' title='bbox 203 3024 374 3086; x_wconf 84' lang='lat' dir='ltr'><strong>cedentibus</strong></span> <span class='ocrx_word' id='word_1_264' title='bbox 394 3026 481 3102; x_wconf 91' lang='lat' dir='ltr'><strong>ripis,</strong></span> <span class='ocrx_word' id='word_1_265' title='bbox 511 3027 604 3084; x_wconf 87' lang='lat' dir='ltr'><strong>aufert</strong></span> <span class='ocrx_word' id='word_1_266' title='bbox 625 3023 749 3102; x_wconf 91' lang='lat' dir='ltr'><strong>aliquid,</strong></span> <span class='ocrx_word' id='word_1_267' title='bbox 778 3040 835 3100; x_wconf 90' lang='lat' dir='ltr'><strong>quo</strong></span> <span class='ocrx_word' id='word_1_268' title='bbox 858 3023 1005 3099; x_wconf 84' lang='lat' dir='ltr'><strong>turbetur,</strong></span> <span class='ocrx_word' id='word_1_269' title='bbox 1035 3025 1128 3100; x_wconf 92' lang='lat' dir='ltr'><strong>prius·</strong></span> 
     </span>
     <span class='ocr_line' id='line_1_35' title="bbox 85 3107 1128 3188; baseline -0.001 -19"><span class='ocrx_word' id='word_1_270' title='bbox 85 3129 171 3188; x_wconf 89' lang='lat' dir='ltr'><strong>quam</strong></span> <span class='ocrx_word' id='word_1_271' title='bbox 193 3110 327 3169; x_wconf 90' lang='lat' dir='ltr'><strong>deveniat</strong></span> <span class='ocrx_word' id='word_1_272' title='bbox 349 3108 378 3168; x_wconf 93' lang='lat' dir='ltr'><strong>in</strong></span> <span class='ocrx_word' id='word_1_273' title='bbox 399 3112 493 3167; x_wconf 90' lang='lat' dir='ltr'><strong>rivos:</strong></span> <span class='ocrx_word' id='word_1_274' title='bbox 518 3111 595 3186; x_wconf 93' lang='lat' dir='ltr'><strong>quod</strong></span> <span class='ocrx_word' id='word_1_275' title='bbox 616 3107 828 3168; x_wconf 91' lang='lat' dir='ltr'><strong>incommodum</strong></span> <span class='ocrx_word' id='word_1_276' title='bbox 848 3126 905 3167; x_wconf 92' lang='lat' dir='ltr'><strong>non</strong></span> <span class='ocrx_word' id='word_1_277' title='bbox 921 3108 1014 3166; x_wconf 93' lang='lat' dir='ltr'><strong>solum</strong></span> <span class='ocrx_word' id='word_1_278' title='bbox 1030 3107 1128 3168; x_wconf 92' lang='lat' dir='ltr'><strong>hiber·</strong></span> 
     </span>
     <span class='ocr_line' id='line_1_36' title="bbox 85 3192 1128 3275; baseline -0.002 -22"><span class='ocrx_word' id='word_1_279' title='bbox 85 3197 129 3253; x_wconf 93' lang='lat' dir='ltr'><strong>nis</strong></span> <span class='ocrx_word' id='word_1_280' title='bbox 153 3212 187 3253; x_wconf 92' lang='lat' dir='ltr'><strong>ac</strong></span> <span class='ocrx_word' id='word_1_281' title='bbox 208 3195 323 3268; x_wconf 91' lang='lat' dir='ltr'><strong>vernis,</strong></span> <span class='ocrx_word' id='word_1_282' title='bbox 346 3193 399 3253; x_wconf 92' lang='lat' dir='ltr'><strong>sed</strong></span> <span class='ocrx_word' id='word_1_283' title='bbox 421 3194 539 3275; x_wconf 78' lang='lat' dir='ltr'><strong>aestivis</strong></span> <span class='ocrx_word' id='word_1_284' title='bbox 558 3192 696 3269; x_wconf 91' lang='lat' dir='ltr'><strong>imbribus</strong></span> <span class='ocrx_word' id='word_1_285' title='bbox 712 3193 813 3266; x_wconf 88' lang='lat' dir='ltr'><strong>sentit,</strong></span> <span class='ocrx_word' id='word_1_286' title='bbox 839 3209 896 3269; x_wconf 92' lang='lat' dir='ltr'><strong>quo</strong></span> <span class='ocrx_word' id='word_1_287' title='bbox 913 3197 1045 3269; x_wconf 89' lang='lat' dir='ltr'><strong>ternpore</strong></span> <span class='ocrx_word' id='word_1_288' title='bbox 1062 3211 1128 3269; x_wconf 89' lang='lat' dir='ltr'><strong>gra·</strong></span> 
     </span>
     <span class='ocr_line' id='line_1_37' title="bbox 86 3274 1131 3356; baseline -0.004 -18"><span class='ocrx_word' id='word_1_289' title='bbox 86 3280 142 3338; x_wconf 92' lang='lat' dir='ltr'><strong>tior</strong></span> <span class='ocrx_word' id='word_1_290' title='bbox 170 3297 308 3356; x_wconf 87' lang='lat' dir='ltr'><strong>aquarum</strong></span> <span class='ocrx_word' id='word_1_291' title='bbox 338 3278 492 3336; x_wconf 91' lang='lat' dir='ltr'><strong>sinceritas</strong></span> <span class='ocrx_word' id='word_1_292' title='bbox 523 3278 658 3353; x_wconf 85' lang='lat' dir='ltr'><strong>exigitur.</strong></span> <span class='ocrx_word' id='word_1_293' title='bbox 712 3276 796 3355; x_wconf 78' lang='lat'>(91.)</span> <span class='ocrx_word' id='word_1_294' title='bbox 841 3274 878 3334; x_wconf 89' lang='lat' dir='ltr'><strong>Et</strong></span> <span class='ocrx_word' id='word_1_295' title='bbox 905 3277 980 3336; x_wconf 92' lang='lat' dir='ltr'><strong>alter</strong></span> <span class='ocrx_word' id='word_1_296' title='bbox 1014 3277 1131 3353; x_wconf 88' lang='lat' dir='ltr'><strong>quidem</strong></span> 
     </span>
     <span class='ocr_line' id='line_1_38' title="bbox 86 3360 1128 3438; baseline -0.002 -17"><span class='ocrx_word' id='word_1_297' title='bbox 86 3381 123 3421; x_wconf 89' lang='lat' dir='ltr'><strong>ex</strong></span> <span class='ocrx_word' id='word_1_298' title='bbox 145 3361 207 3437; x_wconf 89' lang='lat' dir='ltr'><strong>his,</strong></span> <span class='ocrx_word' id='word_1_299' title='bbox 230 3363 258 3421; x_wconf 94' lang='lat' dir='ltr'><strong>id</strong></span> <span class='ocrx_word' id='word_1_300' title='bbox 282 3371 326 3422; x_wconf 92' lang='lat' dir='ltr'><strong>est</strong></span> <span class='ocrx_word' id='word_1_301' title='bbox 349 3361 423 3421; x_wconf 83' lang='lat' dir='ltr'><strong>Anio</strong></span> <span class='ocrx_word' id='word_1_302' title='bbox 446 3361 555 3436; x_wconf 88' lang='lat' dir='ltr'><strong>Vetus,</strong></span> <span class='ocrx_word' id='word_1_303' title='bbox 581 3380 646 3420; x_wconf 90' lang='lat' dir='ltr'><strong>cum</strong></span> <span class='ocrx_word' id='word_1_304' title='bbox 669 3360 819 3438; x_wconf 88' lang='lat' dir='ltr'><strong>plerisque</strong></span> <span class='ocrx_word' id='word_1_305' title='bbox 843 3360 916 3420; x_wconf 92' lang='lat' dir='ltr'><strong>libra</strong></span> <span class='ocrx_word' id='word_1_306' title='bbox 939 3363 975 3420; x_wconf 92' lang='lat' dir='ltr'><strong>sit</strong></span> <span class='ocrx_word' id='word_1_307' title='bbox 996 3360 1128 3433; x_wconf 82' lang='lat' dir='ltr'><strong>inferior,</strong></span> 
     </span>
     <span class='ocr_line' id='line_1_39' title="bbox 84 3441 1130 3513; baseline -0.006 -7"><span class='ocrx_word' id='word_1_308' title='bbox 84 3447 296 3507; x_wconf 88' lang='lat' dir='ltr'><strong>incommodum</strong></span> <span class='ocrx_word' id='word_1_309' title='bbox 318 3449 392 3508; x_wconf 86' lang='lat' dir='ltr'><strong>iutra</strong></span> <span class='ocrx_word' id='word_1_310' title='bbox 413 3466 446 3506; x_wconf 90' lang='lat' dir='ltr'><strong>se</strong></span> <span class='ocrx_word' id='word_1_311' title='bbox 469 3453 558 3506; x_wconf 85' lang='lat' dir='ltr'><strong>tenet.</strong></span> <span class='ocrx_word' id='word_1_312' title='bbox 603 3444 706 3513; x_wconf 84' lang='lat' dir='ltr'><strong>Novus</strong></span> <span class='ocrx_word' id='word_1_313' title='bbox 729 3455 824 3506; x_wconf 91' lang='lat' dir='ltr'><strong>autem</strong></span> <span class='ocrx_word' id='word_1_314' title='bbox 842 3444 919 3505; x_wconf 84' lang='lat' dir='ltr'><strong>Anio</strong></span> <span class='ocrx_word' id='word_1_315' title='bbox 943 3441 1064 3505; x_wconf 89' lang='lat' dir='ltr'><strong>vitiabat</strong></span> <span class='ocrx_word' id='word_1_316' title='bbox 1082 3461 1130 3502; x_wconf 87' lang='lat' dir='ltr'><strong>ee·</strong></span> 
     </span>
    </p>
   </div>
   <div class='ocr_carea' id='block_1_3' title="bbox 0 0 1224 3848">
    <p class='ocr_par' dir='ltr' id='par_1_7' title="bbox 0 0 1224 3848">
     <span class='ocr_line' id='line_1_40' title="bbox 0 0 1224 3848; baseline 0 1"><span class='ocrx_word' id='word_1_317' title='bbox 0 0 1224 3848; x_wconf 95' lang='lat' dir='ltr'><strong> </strong></span> 
     </span>
    </p>
   </div>
  </div>
 </body>
</html>
