2438 3848
278 159 620 210 srnuruonunrrcon
639 160 708 207 nnn.
726 159 768 238 pr.
789 159 865 209 cur.
886 161 925 209 11.
1085 149 1122 211 31

169 317 219 378 10.
255 315 342 377 vIberi
358 317 387 375 in
401 315 517 393 Africa,
539 315 648 393 ingenti
668 315 793 374 hostiurn
811 314 991 374 multitudine
1008 319 1127 396 excepti

80 404 294 479 timentesque,
321 419 358 460 ne
388 392 594 475 circuirentur,
626 400 827 477 adplicuerunt
847 417 880 457 se
903 397 1024 473 dumini,
1047 402 1126 479 quod

82 487 148 547 altis
171 488 200 546 in
216 503 251 545 ea
270 485 393 562 regione
414 486 485 563 ripis
508 483 687 562 prolluebat:
712 485 761 562 qui
781 484 820 544 ita
842 501 859 542 a
877 491 962 559 tergo
977 501 1059 543 amne
1076 484 1126 544 de·

80 571 157 631 lensi
173 579 204 630 et
225 567 366 644 subinde,
389 585 454 627 cum
469 569 574 628 virtute
597 576 797 646 praestarent,
818 566 992 627 incursando
1012 570 1040 627 in
1059 587 1126 648 pro·

81 656 178 714 ximos
202 670 316 713 omnem
334 652 460 712 bostium
483 654 643 711 exercitum
663 661 836 719 straverunt.
886 689 888 693 -

171 739 222 799 11.
266 735 449 815 Xanthippus
471 735 717 795 Lacedaemonios
739 735 802 795 sola
825 735 883 796 loci
904 739 1128 799 commutatione

82 824 229 883 fortunam
250 820 350 880 Punici
376 819 448 880 belli
469 822 622 880 convertit.
666 819 739 879 Nam
763 838 843 897 eum,
865 839 882 880 1
904 821 1142 900 desperantibus

81 910 137 966 iam
162 904 452 982 Carthaginiensibus
486 905 625 965 mercede
658 904 850 979 sollicitatus,
876 906 1128 966 animadvertisset

82 991 174 1051 Ainos
196 989 329 1069 quidem,
354 990 402 1066 qui
426 990 554 1067 equitatu
573 997 602 1047 et
623 987 786 1066 elephantis
807 989 1010 1066 praestabant,
1033 991 1128 1050 colles

83 1076 211 1151 sectari,
232 1072 401 1134 aRomanis
420 1081 532 1149 autern,
551 1089 672 1150 quorum
688 1071 778 1130 robur
796 1074 825 1130 in
842 1073 942 1150 pedite
961 1083 1034 1148 erat,
1052 1092 1128 1133 cam-

84 1161 196 1238 pestria
218 1159 330 1232 teneri,
354 1157 471 1216 Poenos
490 1159 519 1215 in
533 1156 620 1234 plana
639 1154 774 1221 deduxit.;
797 1153 861 1230 ubi,
885 1174 939 1233 per
954 1156 1127 1234 elephantos

83 1243 233 1321 dissipatis
261 1240 411 1301 ordinibus
435 1240 647 1315 Romanorum,
679 1255 799 1317 sparsos
829 1257 884 1316 per
905 1239 1042 1300 Numidas
1062 1260 1127 1319 per-

84 1336 218 1402 secutus,
242 1343 344 1386 eorum
365 1326 525 1385 exercitum
545 1324 632 1401 ludit,
654 1325 683 1382 in
704 1323 782 1382 illam
801 1323 876 1382 diem
898 1331 977 1384 terra
997 1327 1127 1405 marique

83 1413 237 1471 victorem.
795 1443 802 1456 ·

171 1494 221 1559 12.
265 1492 481 1572 Epaminondas
501 1493 559 1553 dux
577 1492 797 1570 Thebanorum,
821 1493 962 1554 adversus
981 1493 1128 1555 Lacedae-

82 1581 197 1640 monios
220 1578 384 1638 directurus
405 1579 515 1652 aciem,
539 1595 593 1655 pro
616 1579 712 1638 fronte
729 1580 792 1637 eius
808 1577 966 1638 decurrere
983 1580 1127 1657 equitibus

83 1665 190 1740 iussis,
214 1680 277 1721 com
298 1663 445 1739 ingentem
468 1663 620 1740 pulverem
638 1663 731 1722 oculis
753 1662 877 1722 hostium
893 1662 1054 1723 obiecisset
1077 1683 1127 1723 ex·

83 1747 355 1827 spectationemque
382 1747 529 1823 equestris
558 1747 721 1806 certaminis
743 1746 975 1825 praetendisset,
1005 1749 1127 1813 circum·

83 1834 172 1894 ducto
188 1829 287 1909 pedite
307 1830 344 1890 ab
357 1848 391 1889 ea
407 1839 505 1908 parte,
525 1849 563 1888 ex
585 1848 640 1908 qua
657 1831 797 1889 decursus
812 1831 840 1888 in
856 1848 990 1889 aversam
1003 1832 1127 1892 hostiurn
1178 1837 1181 1842 '

82 1918 178 1976 aciem
200 1913 330 1989 ferebat,
353 1915 560 1991 inopinantium
582 1913 667 1990 terga‘
688 1913 807 1972 adortus
828 1913 943 1972 cecidit.

110 2008 118 2024 *
173 1999 222 2060 13.
267 1998 490 2058 Lacedaemonii
509 2000 633 2057 trecenti
655 2005 755 2056 contra
778 1996 1016 2056 innumerabilem
1034 2000 1127 2059 multi·

82 2084 212 2144 tudinem
239 2080 393 2142 Persarum
420 2081 634 2160 Thermopylas
663 2089 899 2159 occupaverunt,
931 2098 1049 2158 quarum
1079 2102 1127 2142 au·

82 2170 199 2245 gustiae
221 2183 279 2226 non
300 2166 439 2244 amplius,
463 2184 547 2244 quam
566 2182 666 2244 parem
682 2181 830 2223 numerum
846 2165 1003 2224 comminus
1018 2185 1127 2245 pugna·
1158 2205 1162 2210 -

82 2263 177 2312 turum
203 2259 339 2329 poterant
365 2249 530 2318 admittere;
559 2268 654 2327 caque
686 2250 814 2325 ratione,
844 2259 979 2326 quantum
1001 2253 1037 2312 ad
1059 2268 1127 2312 con-

82 2353 206 2412 gressus
228 2334 413 2410 facultatem,
430 2336 544 2413 aequati
560 2350 679 2393 numero
696 2332 895 2409 barbarorum,
912 2336 1016 2395 virtute
1032 2346 1128 2397 autern

82 2427 287 2497 praestantes,
310 2435 442 2495 magnam
468 2437 568 2478 eornm
590 2428 702 2496 partem
719 2419 902 2479 ceciderunt:
923 2438 978 2479 nec
999 2424 1128 2499 superati
1186 2460 1189 2472 ·

81 2503 198 2578 forent,
218 2504 272 2562 nisi
290 2521 344 2581 per
360 2503 539 2580 proditorem
551 2502 708 2580 Ephialten
720 2501 903 2563 Trachinium
916 2505 1128 2565 clncumductus

81 2587 177 2647 hostis
200 2605 216 2646 a
238 2595 324 2664 tergo
348 2603 401 2645 eos
423 2585 633 2666 obpressisset.

171 2671 221 2732 14.
241 2682 243 2687 ’
266 2670 480 2730 Themistocles
502 2672 560 2732 dux
583 2670 819 2749 Atheniensium,
850 2690 914 2732 cum
942 2673 1056 2733 videret
1077 2675 1128 2733 uti-

81 2756 224 2817 lissimum
254 2754 395 2815 Graeciae
424 2755 566 2814 adversus
593 2757 801 2817 multitudinem
824 2755 932 2820 Xerxis
958 2760 1071 2817 navium
1101 2759 1129 2816 in

81 2840 226 2918 angustiis
247 2839 410 2899 Salaminiis
440 2837 602 2899 decernere
624 2841 710 2919 idque
733 2841 914 2918 persuadere
938 2841 1050 2901 civibus
1070 2858 1128 2901 non

83 2932 205 3005 posset,
221 2922 355 2983 sollertia
371 2923 485 2998 edecit,
506 2933 566 2982 111
585 2922 717 2983 barbaris
733 2924 769 2984 ad
782 2925 920 2985 utilitates
935 2944 1003 2985 suas
1024 2925 1128 2986 Graeci

82 3007 343 3088 compellerentur.
389 3007 527 3067 Simulata
557 3025 680 3086 namque
708 3008 873 3086 proditione
899 3010 976 3069 misit
997 3011 1031 3069 ad
1054 3009 1127 3070 Xer·

82 3111 141 3154 xen
163 3093 212 3171 qui
232 3091 390 3165 indicaret,
411 3091 570 3169 populares
587 3109 656 3151 suos
678 3092 714 3152 de
737 3092 806 3169 fuga
829 3093 960 3168 cogitare
983 3094 1127 3154 difficilio-

82 3195 204 3257 remque
233 3177 260 3235 ei
288 3194 351 3235 rem
377 3175 517 3251 futuram,
547 3176 571 3233 si
594 3175 725 3252 singulas
747 3177 880 3237 civitates
903 3176 1057 3238 obsidione
1080 3181 1128 3239 ad·

82 3262 269 3339 grederetur.
315 3259 379 3332 Qua
404 3259 517 3319 ratione
547 3258 664 3336 effecit,
693 3267 725 3318 ut
759 3261 907 3320 exercitus
939 3261 1129 3323 barbarorum

84 3349 206 3424 primunr
230 3344 456 3421 inquietaretur,
487 3361 551 3402 curn
575 3351 637 3404 tota
666 3353 753 3404 nocte
782 3345 810 3404 in
828 3347 954 3407 statione
977 3347 1129 3406 custodiae

82 3440 198 3502 essent3
222 3427 345 3504 deinde,
365 3435 396 3486 11
418 3428 462 3488 sni
480 3444 563 3487 mane
580 3427 703 3506 integris
724 3427 835 3490 viribus
853 3447 926 3490 cum
933 3428 1081 3488 aarum
1096 3429 1146 3479 ax-
