2438 3848
84 161 125 224 41
412 175 488 224 snx.
514 176 603 224 rumr
625 175 795 224 uacuum
894 158 896 163 ‘

169 326 219 389 13.
262 327 420 404 Hannibal,
440 347 505 389 cum
526 329 616 389 sciret
636 347 689 389 sua
713 339 742 389 et
762 329 958 389 Romanorum
981 336 1078 390 castra
1100 331 1130 390 in

85 414 129 473 eis
150 412 225 472 locis
249 430 333 488 esse,
354 430 430 490 quae
451 414 539 490 lignis
562 412 789 490 deliciabantur,
815 431 852 473 ex
872 412 1011 472 industria
1034 415 1064 472 in
1081 431 1129 473 re·

83 499 172 574 gione
192 497 308 557 deserta
327 498 467 574 plurimos
489 506 684 557 armentorum
707 516 816 574 greges
835 501 909 557 intra
929 497 1038 555 vallum
1060 497 1129 557 reli·

85 582 162 658 quit:
190 599 247 659 qua
270 580 352 639 velut
380 581 488 658 praeda
510 580 631 640 Romani
658 583 742 659 potiti
765 583 794 640 in
818 582 934 640 summis
961 579 1129 657 lignationis

85 665 225 741 angustiis
247 663 440 723 insalubribus
463 683 497 723 se
521 664 593 724 cibis
613 673 778 724 onerarunt.
822 662 981 740 Hannibal,
1005 664 1128 731 reducto

85 757 173 808 nocte
197 749 346 823 exercitu,
368 764 491 807 securos
514 764 567 807 eos
593 757 622 809 et
644 748 806 808 semicruda
827 765 935 826 graves
959 764 1047 807 carne
1069 766 1128 808 ma·

84 834 177 892 iorem
199 831 228 888 in
245 832 361 891 modum
382 834 510 890 vexavit.
1124 831 1127 836 ’

173 914 223 974 14.
269 913 313 973 m.
341 914 491 975 Gracchus
516 916 545 974 in
570 914 725 993 Hispania,
756 916 866 975 certior
889 915 984 974 factus
1012 913 1128 975 hostem

85 1001 203 1078 inopem
230 1000 406 1058 commercio
435 998 589 1072 laborare,
617 999 838 1058 instructissima
868 1007 963 1058 castra
994 999 1128 1059 omnibus

86 1083 245 1142 esculentis
267 1083 410 1152 deseruit;
438 1101 513 1161 quae
537 1083 672 1159 adeptum
693 1081 807 1142 hostem
822 1091 856 1141 'et
877 1084 1004 1160 repertis
1026 1084 1127 1142 intern-

86 1176 225 1247 peranter
236 1167 380 1244 repletum
389 1184 567 1244 gravemque
580 1165 700 1224 reducto
714 1167 847 1225 exercitu
858 1165 955 1225 subito
967 1165 1127 1244 obpressit.

168 1252 218 1313 15.
252 1250 331 1326 Chii,
345 1253 393 1329 qui
407 1250 548 1310 adversus
563 1249 742 1324 ErptHraeos
757 1249 867 1309 bellum
883 1249 1042 1327 gerebant,
1058 1269 1127 1329 spe-

88 1335 248 1395 culatorem
277 1353 378 1394 eorum
406 1336 434 1393 in
461 1336 529 1393 loco
558 1332 637 1393 edito
661 1334 875 1411 deprehensum
905 1334 1078 1393 occiderunt
1099 1342 1130 1393 ct

87 1429 215 1499 vestem<
231 1421 292 1479 eius
321 1435 374 1478 suo
403 1419 484 1478 militi
508 1416 667 1491 dederunt,
697 1420 744 1495 qui
775 1435 813 1477 ex
841 1418 946 1478 eodem
963 1417 1033 1495 iugo
1055 1416 1128 1493 Ery·

87 1503 206 1563 tHraeos
224 1503 308 1580 signo
331 1502 398 1560 dato
421 1502 450 1559 in
465 1500 584 1560 insidias
608 1503 753 1560 evocavit.

171 1585 220 1647 16.
263 1583 394 1658 Arabes,
420 1601 484 1643 cum
509 1591 590 1642 esset
616 1593 684 1644 nota
715 1582 897 1645 consuetudo
925 1601 1043 1660 eorum,
1074 1601 1130 1663 qua

88 1671 125 1729 de
150 1670 274 1728 adventu
295 1669 420 1727 hostium
440 1667 563 1727 interdiu
584 1666 680 1744 fumo,
703 1678 791 1728 noctu
811 1671 879 1745 igne
902 1668 1069 1744 significare
1088 1669 1129 1728 in·

88 1753 255 1827 stituerunt,
276 1761 306 1812 ut
327 1753 390 1811 sine
403 1753 617 1811 intermissione
636 1770 671 1811 ea
690 1753 812 1826 flerent,
830 1760 1066 1830 praeceperunt,
1081 1753 1128 1812 ad·

1 1843 2 1850 ’
88 1835 271 1895 ventantibus
286 1845 380 1896 autem
401 1835 576 1896 adversariis
595 1836 861 1896 intermitterentur.
891 1835 947 1910 Qui
966 1854 1047 1912 cum,
1065 1854 1129 1896 oes-

88 1920 216 1980 santibus
233 1919 401 1998 luminibus,
421 1921 618 1980 existimarent
634 1921 763 1998 ignorari
782 1920 937 1980 adventum
949 1937 1048 1996 suum,
1071 1920 1130 1981 avi·

88 2005 152 2064 dius
170 1992 300 2082 ingrcssi
320 2005 515 2084 obpressique
536 2013 611 2063 sunt.

168 2090 218 2149 17.
263 2089 433 2150 Alexander
461 2088 602 2163 Macedo,
631 2087 814 2147 cum-hostis
844 2089 874 2147 in
903 2086 980 2147 saltu
1006 2085 1130 2146 editiore

89 2181 185 2233 castra
208 2175 431 2248 communisset,
452 2190 551 2232 secum
574 2171 660 2231 ducta
682 2180 765 2249 parte
788 2174 954 2249 copiarum,
976 2169 1132 2248 praecepit

88 2257 134 2317 lris
154 2274 227 2335 quos
254 2255 455 2334 relinquebat,
486 2265 517 2314 ut
539 2274 577 2314 ex
599 2271 680 2313 more
700 2257 784 2331 ignes
807 2257 970 2315 excitarent
985 2254 1132 2332 speciem·⁴

89 2357 148 2417 quo
167 2339 345 2418 praeberent
360 2340 448 2398 totius
466 2341 630 2398 exercitus:
650 2339 713 2417 lpse
729 2346 843 2414 autem,
863 2357 919 2417 per
940 2338 1130 2415 aviasregio·

89 2441 144 2482 nos
173 2422 368 2503 circumducta
400 2439 502 2497 manu,
537 2420 652 2483 hostem
685 2424 839 2501 superiore
869 2422 1031 2499 adgressus
1063 2422 1131 2482 loco

89 2506 127 2566 de
150 2507 212 2567 ulit.

130 2526 148 2586 p
171 2591 221 2652 18.
261 2589 397 2649 blemnon
411 2587 560 2663 Rhodius,
584 2607 649 2648 cum
671 2590 800 2668 equitatu
822 2589 1010 2668 praevaleret
1032 2597 1063 2650 et
1080 2587 1131 2648 bo·

90 2684 165 2738 stem
191 2677 220 2733 in
247 2673 372 2733 collibus
392 2691 426 2731 se
449 2675 645 2732 continentem
671 2676 700 2732 in
710 2681 839 2752 ‘campos
860 2673 952 2732 vellet
970 2672 1132 2746 deducere,

91 2759 232 2838 quosdam
257 2775 296 2816 ex
322 2756 461 2817 militibus
490 2759 550 2816 suis
573 2756 627 2816 sub
648 2758 750 2835 specie
776 2756 990 2834 transfugarum
1010 2756 1088 2817 misit
1105 2755 1133 2815 in

90 2844 217 2904 hostium
233 2849 343 2916 castra,
365 2843 414 2920 qui
432 2840 616 2901 adfirmarent
635 2843 796 2900 exercitum
811 2840 972 2900 Memnonis
987 2847 1045 2900 tam
1066 2857 1133 2917 per·

91 2929 203 2987 niciosa
225 2926 369 2986 seditione
390 2925 506 3000 iurene,
532 2935 563 2984 ut
585 2924 707 2985 subinde
728 2924 824 3002 aliqua
842 2941 911 3003 pars
935 2925 998 2983 eius
1021 2922 1132 2984 dilabe-

89 3019 181 3070 retur.
221 3009 295 3069 Huic
323 3010 513 3069 adfirmationi
535 3019 566 3069 ut
588 3009 673 3069 iidem
704 3008 836 3084 faceret,
866 3010 975 3087 passim
1005 3008 1035 3066 in
1064 3025 1133 3068 con·

92 3103 196 3172 spectu
222 3093 346 3152 hostium
367 3095 451 3153 iussit
473 3111 564 3171 parva
592 3091 714 3152 castella
739 3094 857 3168 muniri,
886 3091 968 3151 velut
994 3091 1025 3150 in
1043 3109 1080 3153 ca
1101 3109 1134 3151 sa

91 3179 240 3255 recepturi
261 3187 360 3237 essent
378 3179 428 3256 qui
448 3177 636 3237 dissidebant.
680 3175 741 3236 Hac
760 3178 952 3254 persuasione
972 3175 1133 3250 sollicitati,

93 3263 142 3340 qui
170 3264 197 3322 in
225 3261 369 3321 montibus
396 3280 430 3321 se
453 3264 669 3336 continuerant,
698 3261 726 3319 in
748 3261 834 3338 plana
854 3259 1073 3320 descenderunt
1093 3268 1133 3334 et,

93 3346 160 3406 dum
182 3346 304 3406 castella
325 3354 452 3421 tentant,
475 3345 512 3404 ab
531 3347 660 3423 equitatu
680 3344 868 3404 circumventi
890 3353 966 3403 sunt.

180 3430 228 3492 19.
268 3429 383 3506 Arybas
405 3447 459 3489 rex
485 3428 698 3504 llolossorum,
728 3428 809 3490 bello
838 3429 946 3507 petitus
976 3445 992 3489 a
1018 3426 1136 3504 Bardyli
