2438 3848
120 189 162 252 28
454 200 529 249 sax.
553 200 641 271 runn
664 199 835 248 nnournu

121 359 156 418 ad
172 357 307 435 corporis
327 373 423 414 euram
443 364 472 414 et
491 355 586 415 cibum
602 355 773 433 capiendum
786 355 1005 414 festinaverunt.
1035 352 1165 432 lphicra·

120 452 166 502 tes
194 458 293 501 rursus
317 439 415 499 eduxit
439 448 467 498 et
488 441 673 517 incompositi
693 440 784 498 hostis
808 440 967 515 adgressus
990 447 1035 497 est
1058 449 1164 499 castra.

207 526 235 586 6.
281 524 378 598 Idem,
403 541 466 581 cum
489 524 629 583 adversus
645 523 893 583 Lacedaemonios
911 522 1042 600 pluribus
1062 523 1166 582 diebus

121 620 218 671 castra
240 609 398 668 comminus
421 606 559 683 haberet,
583 616 612 666 et
638 617 760 686 utraque
782 625 849 685 pars
873 607 961 666 certis
985 607 1166 684 temporibus

120 694 239 754 adsidue
258 691 424 770 pabulatum
447 691 642 769 lignatumque
660 691 854 769 procederet,
878 692 1003 769 quodam
1026 690 1073 750 die
1094 692 1166 751 mili-

119 788 179 838 tum
207 776 305 837 habitu
332 791 436 833 servos
464 776 597 854 lixasque
619 776 724 835 dimisit
751 776 787 835 ad
809 793 943 850 munera,
968 774 1075 834 milites
1098 779 1166 834 reti·

120 864 194 929 nuit;
222 870 251 920 et
283 877 347 918 eum
369 858 471 918 hostes
493 860 620 938 dispersi
642 869 743 919 essent
765 861 801 920 ad
824 860 926 918 similia
948 876 1085 934 munera,
1114 879 1165 919 ex-

120 946 259 1024 pugnavit
279 952 374 1002 castra
396 960 495 1002 eorum
518 946 720 1022 inermesque,
745 962 808 1002 cum
828 943 976 1003 fasciculis
999 945 1108 1021 passim
1131 944 1165 1004 ad

121 1030 270 1090 tumultum
291 1037 496 1103 recurrentes,
520 1028 607 1088 facile
631 1037 679 1088 aut
701 1028 806 1088 cecidit
827 1035 875 1086 ant
901 1029 988 1105 cepit.

206 1117 235 1174 7.
278 1112 427 1189 Virginius
450 1113 552 1173 consul
573 1115 601 1171 in
618 1113 754 1187 Volscis,
781 1130 845 1171 cum
865 1110 1165 1190 procurrerehostes

122 1200 231 1259 effusos
258 1215 296 1256 ex
319 1198 478 1276 longinquo
501 1197 640 1271 vidisset,
671 1198 825 1276 quiescere
856 1213 925 1255 suos
946 1214 982 1255 ac
1004 1195 1100 1254 delixa
1123 1205 1164 1255 te·

120 1302 192 1342 nere
221 1282 279 1360 pila
299 1283 396 1340 iussit:
427 1292 493 1341 tunc
522 1283 705 1341 anhelantem
729 1281 850 1358 integris
882 1280 993 1339 viribus
1017 1281 1164 1338 exercitus

120 1370 163 1426 sui
185 1367 344 1442 adgressus
365 1368 478 1424 avertit.

206 1448 235 1510 8.
278 1446 385 1507 Fabius
408 1449 565 1525 Maximus,
590 1465 649 1506 non
673 1450 807 1524 ignarus,
837 1447 937 1508 Gallos
965 1457 995 1508 et
1022 1449 1165 1507 Samnites

120 1534 213 1611 primo
236 1533 344 1609 impetu
365 1532 556 1608 praevalere,
577 1548 693 1590 suonrm
716 1543 811 1592 autem
833 1532 1029 1609 infatigabiles
1048 1534 1164 1610 spiritus

120 1620 196 1676 inter
217 1633 314 1674 moras
336 1613 505 1674 decertandi
522 1616 607 1674 etiam
625 1616 827 1691 incalescere,
850 1617 1002 1696 imperavit
1016 1615 1164 1688 militibus,

121 1701 248 1761 contenti
276 1707 376 1757 essent
405 1701 498 1776 primo
521 1718 684 1777 congressu
707 1703 869 1776 sustinere,
897 1710 928 1760 ut
950 1702 1063 1761 hostem
1086 1717 1165 1759 mora

119 1786 291 1862 fatigarent:
314 1783 390 1860 quod
413 1783 462 1842 ubi
485 1785 646 1862 successit,
677 1785 791 1845 admoto
818 1786 904 1845 etiam
924 1785 1071 1864 praesidio
1094 1787 1164 1858 suis,

120 1872 147 1929 in
168 1872 259 1948 prima
280 1869 343 1927 acie
367 1869 509 1928 universis
527 1869 638 1929 viribus
661 1870 834 1948 obpressum
856 1870 927 1929 ludit
949 1870 1074 1929 hostem.

206 1955 234 2014 9.
280 1952 429 2032 Philippus
452 1954 487 2014 ad
504 1951 712 2029 Chaeroniam,
735 1971 862 2029 memor,
888 1953 942 2013 sibi
959 1972 1026 2013 esse
1046 1953 1164 2012 militem

119 2039 209 2116 longo
233 2056 286 2096 usu
310 2037 456 2112 duratum,
478 2038 704 2097 Atheniensibus
725 2057 822 2097 acrem
842 2039 958 2116 quidem
976 2038 1029 2097 sed
1050 2039 1164 2096 inexer-

120 2127 236 2184 citatum
260 2131 290 2182 et
318 2122 425 2201 impetu
452 2132 559 2182 tantum
587 2123 761 2196 violentum,
790 2142 827 2182 ex
855 2123 993 2182 industria
1021 2123 1164 2200 proelium

120 2210 223 2274 traxit;
253 2223 380 2284 moxque
403 2207 607 2282 languentibus
636 2209 691 2266 iam
719 2206 963 2281 Atheniensibus,
992 2208 1164 2266 concitatius

121 2291 215 2350 intulit
238 2292 319 2364 signa
343 2299 372 2348 et
395 2290 475 2367 ipsos
499 2291 640 2350 cecidit·

208 2374 256 2436 to.
303 2371 526 2432 Lacedaemonii
538 2375 680 2432 certiores
693 2372 728 2433 ab
742 2373 978 2452 exploratoribus
991 2374 1071 2449 facti,
1089 2372 1164 2432 bles·

120 2459 220 2517 senios
249 2458 363 2515 ineam
387 2456 534 2515 exarsisse
553 2457 679 2532 rabiem,
707 2468 737 2517 ut
761 2460 789 2516 in
813 2459 954 2536 proelium
979 2476 1042 2517 cum
1066 2459 1164 2517 coniu-

121 2542 206 2619 gibus
229 2559 264 2600 ac
286 2538 387 2599 liberis
411 2541 639 2615 descenderent,
662 2560 787 2618 pugnam
807 2543 988 2602 distulerunt.

208 2626 256 2684 11.
303 2621 336 2682 G.
359 2622 470 2683 Caesar
496 2624 576 2684 hello
600 2625 693 2701 civili,
726 2645 789 2685 cum
820 2629 979 2686 exercitum
1004 2626 1116 2684 hiranii
1138 2636 1165 2685 et

120 2709 228 2768 Petreii
252 2707 498 2777 circumvallatum
521 2711 567 2770 siti
589 2719 721 2786 augeret,
738 2712 824 2788 isque
845 2710 882 2770 ob
900 2711 957 2770 hoc
974 2719 1166 2788 exasperatus

121 2792 283 2852 interiectis
300 2790 431 2850 omuibus
448 2793 658 2872 impedimentis
674 2795 709 2853 ad
722 2813 847 2872 pugnam
864 2794 1079 2869 descendisset,
1097 2812 1165 2853 con-

120 2879 204 2936 tinuit
232 2893 319 2951 suos,
348 2875 501 2937 arbitratus
529 2879 652 2938 alienum
675 2879 851 2938 dimicationi
873 2889 1003 2958 tempus,
1035 2894 1093 2955 quo
1117 2878 1165 2938 ad·

121 2961 269 3020 versarios
293 2969 321 3018 et
341 2961 382 3020 ira
403 2970 431 3020 et
451 2962 618 3040 desperatio
638 2961 818 3022 incenderat.

208 3043 257 3103 12.
304 3040 356 3102 Gn.
380 3045 737 3126 PompeiusAhgientem
761 3045 955 3106 Mithridatem
980 3048 1102 3124 cupiens
1131 3047 1165 3106 ad

121 3128 264 3207 proelium
291 3131 489 3208 compellere,
520 3131 612 3207 elegit
638 3139 752 3207 tempus
779 3130 955 3190 dimicationi
982 3140 1165 3206 nocturnum,

120 3220 151 3271 ut
174 3213 290 3272 adeunti
312 3232 345 3272 se
373 3213 552 3293 obponeret;
584 3223 670 3293 atque
695 3216 735 3274 ita
758 3224 950 3292 praeparatus
969 3213 1093 3274 subitam
1115 3217 1166 3275 ho·

121 3295 215 3355 stibus
236 3299 442 3358 necessitatem
463 3299 639 3359 decernendi
662 3299 769 3357 iniecit.
814 3300 971 3359 Praeterea
992 3300 1036 3358 sic
1058 3302 1165 3360 consti·

120 3381 173 3440 tuit
191 3381 300 3456 aciem,
323 3390 353 3441 ut
375 3382 561 3442 Ponticorum
584 3382 699 3460 quidem
723 3383 825 3444 oculos
850 3383 974 3442 adversa
994 3384 1059 3442 luna
1079 3402 1166 3462 prae·

120 3466 289 3545 stringeret,
300 3468 359 3527 suis
371 3476 465 3526 autem
478 3467 618 3527 illustrem
630 3474 658 3526 et
670 3468 857 3547 conspicuum
870 3467 1027 3548 praeberet
1039 3468 1165 3528 hostem.
