2438 3848
263 161 604 218 suntranauurroou
625 162 695 211 uua.
719 163 755 210 11.
780 162 855 212 oar.
880 165 912 210 v.
1070 152 1111 212 tt

65 318 120 378 bus
144 316 292 396 paullatim
314 315 473 391 oederent,
497 315 591 374 donec
611 316 733 392 spatium
756 315 858 376 darent
879 318 1075 394 consurgendi
1095 338 1112 381 a

65 411 153 478 tergo
180 400 218 461 ob
248 399 306 460 hcc
326 399 485 476 dispositis.
531 397 616 472 Quod
641 408 795 478 postquam
818 418 855 459 ex
877 404 1020 462 sententia
1043 420 1111 463 con·

65 487 152 562 tigit,
176 483 328 544 conversis
349 483 396 561 qui
412 492 496 559 terga
512 481 630 542 dedisse
646 482 836 558 videbantur,
858 485 982 544 medium
998 486 1112 547 hostem

66 569 261 648 trepidantem
281 567 401 635 cecidit;
422 566 504 644 ipsos
526 567 611 625 etiam
634 582 743 644 equos,
765 566 865 645 pedite
887 571 1045 629 comminus
1064 588 1112 631 ac·

67 653 211 726 cedente,
243 651 373 713 confodit
389 672 401 732 ;γ
427 667 523 727 eoque
551 649 666 728 proelio
702 651 836 711 fiduciam
861 654 941 730 regi,
971 671 1056 733 quam
1082 654 1112 715 iu

45 734 256 816 'equestribus
279 735 371 812 copiis
391 732 536 808 habebat,
559 734 694 792 detraxit.

152 818 203 880 34.
249 817 373 878 Crassus
397 816 477 876 bello
500 817 687 893 fugitivorum
708 817 784 894 apud
806 813 994 878 Galamatium
1016 822 1111 898 (mon-

66 904 142 982 tem)
163 901 231 973 lu'na
249 911 344 961 eastra
360 903 519 960 comminus
533 918 596 960 curn
612 901 736 960 hostiurn
749 903 852 960 castris
864 903 999 963 vallavit:
1022 913 1111 964 nocte

65 986 173 1047 deinde
202 985 383 1045 commutatis
410 986 520 1064 copiis,
550 993 685 1044 manente
718 987 866 1063 praetorio
895 987 923 1044 iu
953 987 1112 1048 maioribus

66 1072 190 1145 castris,
220 1068 444 1128 ut-fallerentur
472 1067 590 1144 hostes,
621 1070 686 1146 ipse
713 1085 813 1127 ornnes
836 1071 938 1145 copias
961 1071 1060 1139 eduxit
1082 1080 1112 1130 et

65 1156 94 1213 in
120 1152 268 1214 radicibus
297 1152 440 1230 praedicti
466 1154 571 1211 montis
606 1152 767 1219 constituit;
797 1151 950 1229 divisoque
981 1154 1111 1231 equitatu

66 1237 220 1316 praecepit
247 1232 279 1295 L.
300 1235 454 1310 Quinctio,
483 1243 596 1313 partem
624 1235 766 1312 Spartaco
797 1233 929 1294 obiceret
954 1254 1112 1315 pugnaque

66 1338 131 1379 eum
152 1320 361 1395 frustraretur,
384 1328 467 1398 parte
491 1318 547 1379 alia
570 1317 669 1378 Gallos
684 1315 901 1396 Germanosque
922 1338 960 1378 ex
981 1319 1111 1381 factione

66 1401 148 1464 Casti
173 1412 203 1463 et
225 1402 345 1462 (laurici
376 1402 499 1462 eliceret
526 1402 561 1462 ad
591 1420 717 1480 pugnarn
740 1411 768 1461 et
787 1421 884 1480 pugna
906 1402 1037 1464 simulata
1059 1405 1109 1464 de·

65 1486 205 1563 duceret,
229 1485 278 1546 ubi
298 1487 362 1564 ipse
385 1488 479 1546 aciem
504 1487 695 1546 instruxerat:
718 1503 792 1562 quos
815 1504 879 1546 eum
894 1486 1010 1547 barbari
1032 1489 1109 1549 inse·

66 1571 125 1631 cuti
155 1579 273 1647 essent,
302 1573 401 1647 equite
428 1571 589 1630 recedente
614 1572 643 1628 in
659 1587 796 1648 ‚cornum
826 1571 923 1631 subito
950 1573 1029 1631 acies
1050 1571 1108 1631 Ro·

64 1671 149 1715 mana
175 1654 317 1732 adaperta
345 1673 410 1713 curn
435 1652 563 1714 clamore
593 1656 786 1733 procucurrit.
831 1654 960 1732 'friginta
983 1657 1110 1734 quinque

63 1738 142 1799 milia
168 1747 401 1798 armatorumeo
423 1739 540 1816 proelio
567 1737 719 1797 interfecta
744 1757 807 1798 cum
826 1741 897 1817 ipsIs
923 1738 1043 1799 ducibus
1063 1739 1108 1799 li·

65 1824 129 1881 vius
150 1822 256 1897 tradit,
279 1830 418 1899 receptas
442 1823 567 1900 quinque
585 1821 731 1880 Romanas
750 1823 880 1898 aquilas,
903 1823 985 1898 signa
1008 1842 1061 1883 sex
1080 1832 1110 1885 et

65 1906 185 1983 viginti,
208 1905 297 1964 multa
309 1904 422 1982 spolia,
446 1908 521 1965 inter
533 1924 606 1983 quae
620 1905 745 1981 quinque
758 1905 856 1964 fasces
869 1923 933 1965 cum
944 1907 1106 1967 securibus.

150 1987 201 2050 35.
247 1986 281 2054 G.
300 1987 418 2049 Cassius
437 1991 466 2048 in
484 1990 568 2064 Syria
581 1988 723 2049 adversus
736 1988 859 2048 Parthos
876 1989 986 2046 ducens
1003 1991 1106 2066 aciem,

65 2073 195 2151 equitem
218 2072 345 2133 ostendit
368 2091 384 2132 a
403 2071 520 2147 fronte,
545 2091 609 2131 cum
632 2070 667 2130 ab
689 2080 774 2147 tergo
798 2071 926 2149 peditem
944 2073 973 2128 iu
993 2073 1107 2132 confra-

64 2173 143 2233 goso
165 2155 234 2215 loco
256 2155 449 2224 occultasset;
472 2157 538 2217 dein
560 2155 684 2215 cedente
706 2155 834 2232 equitatu
857 2163 886 2214 et
908 2171 963 2230 per
984 2164 1053 2214 uota
1073 2173 1107 2215 se

63 2231 245 2319 recipiente,
268 2241 499 2319 impraeparatos
522 2239 640 2299 iusidias
659 2239 796 2317 perduxit
815 2238 974 2298 exercitum
988 2237 1107 2300 Partho·

63 2340 128 2383 rum
148 2331 178 2382 et
199 2323 314 2382 cecidit.

149 2405 200 2467 36.
244 2406 396 2466 Ventidius
418 2405 541 2466 Parthos
566 2415 595 2465 et
621 2404 793 2480 labienum,
820 2405 936 2465 alacres
962 2408 1107 2466 successi·

62 2489 118 2550 bus
139 2490 341 2565 victoriarum,
364 2490 429 2550 dum
451 2507 522 2549 auos
540 2491 673 2568 ipseper
691 2489 904 2549 simulationem
924 2499 1016 2548 metus
1038 2507 1106 2550 con-

61 2575 152 2649 tinet,
174 2575 311 2633 evocavit
327 2582 357 2633 et
376 2575 404 2633 in
419 2572 486 2633 loca
505 2575 601 2651 iniqua
617 2574 779 2649 deductos,
801 2574 960 2649 adgressus
983 2591 1037 2651 per
1055 2573 1107 2633 ob·

62 2658 244 2736 reptionem,
274 2657 349 2716 adeo
380 2655 556 2734 debellavit,
580 2666 611 2716 nt
633 2656 771 2718 destituto
800 2656 928 2717 Labieno
956 2658 1108 2736 provincia

62 2741 244 2802 excederent
265 2739 371 2803 Parthi.

148 2823 199 2885 37.
244 2822 323 2884 Idem
345 2825 485 2884 adversus
506 2823 709 2902 Pharnapaten
738 2831 767 2882 et
789 2772 1019 2901 Parthosne
1041 2825 1106 2903 ipse

62 2908 200 2986 exiguum
225 2926 374 2967 numerum
397 2907 517 2967 militurn
545 2905 684 2982 baberet,
712 2905 771 2964 illis
797 2916 895 2965 autem
914 2906 1047 2966 fiduciam
1069 2925 1107 2969 ex

61 2991 244 3052 multitudine
262 2991 384 3050 videret·
397 2991 583 3066 increscere,
607 2991 643 3049 ad
665 2989 741 3048 latus
762 2998 923 3048 castrorum
942 2991 1107 3052 octodecim

61 3075 203 3136 cohortes
231 3076 260 3134 in
286 3074 414 3134 obscura
434 3073 511 3134 valle
534 3074 647 3151 posuit,
681 3073 809 3150 equitatu
831 3081 900 3151 post
920 3082 1004 3150 terga
1026 3076 1106 3153 pedi-

61 3169 121 3220 tum
144 3159 311 3219 conlocato.
355 3156 426 3217 Tum
446 3174 557 3236 paucos
576 3156 728 3216 admodum
749 3155 854 3216 milites
876 3157 904 3214 in
924 3156 1039 3218 hostem
1055 3159 1105 3218 mi·

61 3244 114 3313 sit;
142 3243 191 3320 qui
211 3241 260 3301 nbi
284 3241 415 3305 simulata
436 3241 506 3318 fuga
526 3241 640 3301 bostem
662 3240 756 3300 effuse
776 3249 948 3318 sequentem
969 3242 1045 3301 ultra
1062 3241 1105 3301 lo·

60 3344 128 3387 cum
141 3326 307 3388 insidiarum
321 3326 500 3404 perduxere,
522 3333 625 3385 coorta
646 3324 770 3385 alatere
793 3325 884 3402 acies,
902 3325 1104 3405 praecipitatis

59 3411 90 3473 iu
108 3409 207 3490 fugam
228 3409 358 3488 Parthis,
381 3410 410 3495 iu
430 3408 476 3469 his
497 3408 700 3488 Pharnapaten
722 3407 878 3469 interfecit.
