2438 3848
280 185 772 237 sraurunaunnrconum.1v.
793 187 869 238 cnr.
895 191 918 238 1.
1081 178 1122 240 83

168 340 221 401 34.
265 339 381 418 Appius
403 337 539 400 Claudius
557 359 595 400 ex
615 341 676 418 his,
700 342 749 418 qui
768 342 835 402 loco
856 354 1023 422 cesserant,
1043 345 1122 406 deci·

80 441 159 484 mum
181 441 327 503 quemque
347 423 467 483 militem
489 433 569 484 sorte
593 424 709 485 ductum
730 425 799 485 iusti
821 429 976 504 percussit.

169 507 219 569 35.
259 505 366 567 Fabius
386 506 489 566 Rullus
512 507 616 568 consul
643 527 681 568 ex
703 507 814 570 duabus
843 510 1026 588 legionibus,
1049 530 1124 591 quae

80 593 151 652 loco
177 599 345 666 cesserant,
374 592 496 650 vicenos
525 600 605 650 sorte
626 591 729 652 ductos
755 594 784 652 in
810 603 975 674 conspectu
1003 595 1124 656 militurn

81 676 182 736 securi
202 676 359 752 percussit.

170 759 221 820 36.
242 828 247 835 ¹
266 758 400 835 Aquilius
428 767 529 817 ternos
560 775 598 817 ex
630 760 783 837 centuriis,
816 778 936 840 quarum
969 763 1056 823 statio
1088 762 1124 823 ab

59 847 61 852 '
81 844 170 905 hoste
196 851 336 921 perrupta
359 849 434 917 erat,
457 844 554 900 securi
577 844 732 921 percussit.

170 927 228 1014 37,
262 924 300 984 ll.
315 924 470 1001 Antonius,
492 943 556 985 cum
571 936 664 1003 agger
678 925 714 985 ab
729 925 861 987 hostibus
877 928 1013 1008 incensus
1032 938 1125 1006 esset,

84 1031 123 1073 ex
143 1010 205 1086 his,
229 1010 326 1087 quiin
349 1026 442 1088 opere
458 1009 588 1085 fuerant,
612 1009 731 1070 duarum
752 1010 914 1070 cohortium
932 1013 1052 1072 militem
1075 1013 1125 1074 de·

85 1094 202 1156 cimavit
224 1102 254 1152 et
274 1094 302 1151 in
322 1092 453 1169 singulos
477 1111 515 1152 ex
536 1093 582 1152 his
604 1095 790 1153 centuriones
809 1094 1024 1169 animadvertit,
1043 1097 1124 1172 lega·

84 1190 144 1240 tum
166 1194 231 1237 cum
254 1177 410 1254 ignominia
430 1177 553 1252 dimisit,
575 1177 698 1256 reliquis
714 1195 752 1236 ex
768 1177 889 1254 legione
907 1177 1048 1239 hordeum
1064 1180 1126 1240 dari

84 1264 179 1323 iussit.
576 1331 578 1335 ¹

95 1372 102 1385 ·
171 1343 222 1406 38.
264 1342 488 1421 Inlegionem,
512 1361 586 1422 quae
609 1341 752 1420 Rhegium
775 1343 912 1421 oppidum
939 1344 1019 1404 iussu
1045 1344 1129 1405 ducis

84 1430 260 1507 diripuerat,
286 1428 515 1487 animadversum
545 1437 591 1487 est
620 1429 674 1504 ita,
704 1436 735 1486 ut
761 1437 897 1505 quattuor
923 1428 1001 1488 milia
1021 1429 1127 1489 tradita

86 1512 239 1575 custodiae
254 1520 437 1571 necarentur.
483 1511 640 1572 Praeterea
658 1521 777 1571 senatus
796 1511 929 1572 consulto
944 1521 1058 1573 cautum
1071 1521 1127 1589 est,

54 1634 57 1641 ,
86 1616 123 1659 ne
145 1614 232 1675 quem
254 1614 292 1654 ex
313 1596 356 1655 eis
375 1595 505 1674 sepelire
522 1595 571 1656 vel
590 1597 694 1673 lugere
717 1595 762 1655 ias
785 1606 875 1656 esset.

172 1679 222 1740 39.
267 1678 298 1738 b.
323 1677 588 1759 Papirius‘Gursor
616 1680 740 1740 dictator
760 1677 880 1740 Fabium
901 1679 1127 1764 Qllaummagi·

86 1775 177 1825 strum
196 1764 338 1841 equitum,
360 1765 437 1842 quod
458 1763 599 1823 adversus
619 1763 726 1823 dictum
747 1764 809 1823 eius
831 1766 961 1842 quamvis
982 1782 1128 1842 prospere

87 1848 285 1928 pugnaverat,
308 1847 400 1922 virgis
419 1848 557 1924 poposcit
580 1847 775 1920 caedendum,
802 1865 920 1906 caesum
942 1849 1039 1906 securi
1061 1865 1128 1925 per-

88 1948 242 1999 cussurus3
264 1948 319 1989 nec
339 1932 518 1989 contentioni
536 1939 584 1989 aut
601 1929 739 2007 precibus
751 1928 870 1988 militum
878 1932 1030 1989 concessit
1041 1932 1128 1989 anim·

42 2063 44 2066 >
87 2016 291 2076 adversionem
321 2030 446 2089 eumque
480 2012 696 2090 profugientem
719 2011 840 2070 Romam
869 2022 1043 2089 persecutus
1072 2023 1128 2088 est,

88 2118 124 2159 ne
146 2097 186 2157 ibi
209 2096 324 2174 quidem
346 2097 573 2173 remisscprius
595 2094 731 2173 supplicii
751 2091 847 2153 meriti
871 2104 964 2170 metu,
988 2114 1073 2172 quam
1092 2095 1129 2156 ad

43 2233 48 2239 .
87 2200 184 2260 genua
207 2182 270 2239 eius
290 2189 319 2238 et
340 2177 448 2239 Fabius
467 2197 532 2239 cum
553 2189 636 2256 patre
655 2176 882 2256 provolveretur
900 2187 929 2238 et
952 2179 1060 2257 pariter
1082 2197 1127 2239 se·

87 2276 171 2327 natus
195 2283 230 2325 ac
251 2264 377 2343 populus
398 2262 544 2323 Romanus
563 2270 712 2340 rogarent.
1106 2302 1112 2313 ,

36 2351 39 2355 ’
173 2349 225 2410 40.
258 2347 398 2422 Manlius,
418 2348 464 2407 cui
476 2347 638 2424 lmperioso
651 2355 756 2424 postea
769 2362 932 2423 cognomen
946 2348 1011 2424 fuit,
1029 2348 1128 2425 lilium,

38 2422 42 2432 ’
88 2431 167 2512 quod
187 2433 212 2490 is
233 2441 333 2492 contra
356 2431 481 2492 edictum
503 2432 595 2510 patris
618 2449 681 2491 cum
702 2431 787 2490 hoste
809 2441 1008 2509 pugnaverat,
1031 2451 1129 2512 quarn·

87 2518 132 2576 vis
164 2517 307 2575 victorem
339 2516 368 2574 in
397 2524 559 2595 conspectu
588 2516 735 2576 exercitus
763 2515 855 2592 virgis
884 2533 1001 2577 caesum
1033 2517 1131 2577 securi

88 2601 245 2679 percussit.

130 2715 133 2720 ·
173 2684 224 2743 41.
268 2679 392 2743 Manlius
417 2682 514 2761 iilius,
543 2686 674 2744 exercitu
700 2701 756 2762 pro
782 2700 815 2743 se
844 2682 985 2743 adversus
1019 2693 1131 2762 patrem

88 2767 269 2828 seditionem.
280 2776 417 2844 parante,
436 2769 556 2843 negavit
574 2768 643 2828 tanti
659 2785 726 2826 esse
748 2783 950 2844 quemquam,
961 2776 991 2826 ut
1010 2777 1143 2851 propter·

89 2850 170 2911 illum
193 2850 345 2928 disciplina
367 2861 622 2930 corrumperetur,
655 2860 685 2910 et
706 2850 846 2926 obtinuit,
867 2859 898 2909 ut
919 2851 1014 2928 ipsum
1035 2852 1143 2929 puniri.

112 2943 270 2994 aterentur.

91 2952 109 3014 p
174 3017 226 3078 42.
265 3017 301 3090 Q.
320 3015 428 3076 Fabius
443 3015 584 3077 Maximus
600 3016 812 3093 transfugarum
824 3015 961 3077 dexteras
979 3018 1131 3097 praecidit.
1163 3026 1180 3067 4

176 3101 227 3163 43.
273 3098 306 3160 0.
320 3098 408 3160 Curio
423 3102 525 3161 consul
538 3100 620 3161 bello
635 3099 801 3160 Dardanico
817 3102 894 3160 circa
909 3099 1131 3179 Dyrrhachium,

92 3203 156 3246 cum
182 3203 219 3244 ex
246 3185 373 3264 quinque
396 3184 562 3263 legionibus
590 3203 645 3245 una
664 3184 808 3244 seditione
832 3184 910 3245 facta
931 3187 1059 3247 militiam
1082 3186 1132 3247 de·

92 3277 247 3330 tractasset
261 3278 485 3347 secuturamque
503 3287 536 3328 se
557 3269 749 3329 temeritatem
767 3268 850 3328 ducis
867 3269 895 3327 in
915 3271 1132 3348 expeditionem

93 3370 226 3430 asperam
255 3360 284 3412 et
316 3353 483 3413 insidiosam
513 3361 669 3429 negasset,
705 3361 840 3431 quattuor
869 3352 1003 3429 legiones
1033 3352 1134 3411 eduxit

85 3445 217 3498 'armatas
240 3446 269 3497 et
291 3437 454 3498 consistere
470 3436 636 3515 ordinibus,
659 3436 784 3498 detectis
802 3437 889 3496 armis
907 3437 990 3495 velut
1008 3438 1044 3493 in
1057 3435 1146 3502 acie,

944 3502 990 3593 §a
