2438 3848
280 157 621 207 srnsraonmsrrcou
642 159 711 208 ern.
733 159 757 206 1.
781 159 856 206 cnr.
882 159 914 209 v.
1091 147 1129 206 15
1191 118 1198 127 ¹

81 314 264 376 induciarum
276 323 306 373 et
323 332 378 391 per
392 313 466 374 haec
478 322 601 374 avocata
618 312 796 390 intentione,
815 312 1012 373 adversarium
1025 317 1127 384 evasit,

172 398 221 459 19.
255 396 418 458 Hasdrubal
445 397 537 456 irater
567 396 750 472 Hannibalis,
776 414 840 455 cum
868 397 972 456 saltum
1001 399 1128 459 evadere

82 500 142 544 uon
166 490 288 561 posset,
312 480 445 541 saucibus
469 483 532 540 eius
549 481 697 556 obsessis,
715 483 775 557 egit
794 499 858 540 cum
873 478 995 541 Claudio
1011 481 1130 541 Nerone

84 568 263 644 recepitque
297 565 445 625 dimissum
477 582 511 624 se
541 565 679 641 Hispania
712 582 911 625 excessurum.
969 563 1131 626 Gavillatus

83 650 192 712 deinde
215 648 444 724 conditionibus,
473 649 535 708 dies
565 649 676 727 aliquot
701 650 843 718 extraxit;
857 649 975 726 ¹quibus
998 650 1131 710 omnibus

84 752 144 795 non
166 734 263 793 omisit
281 751 336 811 per
355 741 493 809 angustos
510 734 639 792 tramites
659 741 688 792 et
708 731 746 791 ob
762 732 791 792 id
811 733 966 810 neglectos
987 735 1131 795 dimittere

84 837 141 899 per
163 825 263 897 partes
285 818 460 877 exercitum:
484 816 676 898 ipsedeinde
695 834 759 876 cum
778 817 899 896 reliquis
923 819 1067 897 expeditis
1088 820 1130 880 la·

87 902 146 962 cile
168 901 281 978 elingit.

171 985 223 1045 20.
247 985 407 1062 Spartacus
429 982 555 1058 lassam,
578 992 716 1061 quaerat
738 1001 754 1043 a
774 983 814 1044 lll-
837 983 944 1045 Crasso
969 987 1129 1048 circumda·

85 1080 146 1145 tus,
173 1069 269 1128 caesis
292 1068 472 1145 captivomm
488 1084 688 1146 pecorumque
705 1068 879 1147 corporibus
895 1079 982 1129 noctu
1004 1072 1131 1150 replevit

87 1163 118 1213 et
142 1169 356 1230 supergressus
379 1159 433 1211 est.

173 1235 224 1297 21.
253 1235 335 1296 ldem
361 1236 390 1294 in
416 1234 548 1294 Vesuvio
577 1233 735 1311 obsessus,
771 1253 806 1295 ea
833 1244 935 1312 parte,
964 1255 1020 1314 qua
1049 1255 1130 1298 mons

83 1321 263 1401 asperrimus
286 1329 350 1379 erat
371 1321 498 1398 ideoque
518 1320 728 1393 incustoditus,
753 1338 791 1379 ex
806 1320 911 1379 vimine
935 1320 1065 1381 silvestri
1082 1341 1129 1382 ca·

80 1417 164 1467 terras
195 1404 359 1472 conseruit;
389 1403 492 1482 quibus
521 1404 665 1466 demissus
693 1421 750 1462 uon
778 1403 872 1463 solum
895 1405 1005 1483 evasit,
1027 1425 1129 1466 verum

81 1492 170 1550 etiam
193 1506 231 1546 ex
248 1487 420 1548 aliolatere
443 1484 576 1547 Clodium
599 1490 638 1548 ita
660 1489 779 1564 terruit,
803 1497 834 1547 ut
856 1489 966 1567 aliquot
989 1492 1128 1552 cohortes

80 1571 293 1651 gladiatoribus
316 1580 451 1650 quattuor
473 1580 502 1631 et
524 1573 707 1649 septuaginta
732 1574 885 1632 cesserint.

168 1655 219 1716 22.
243 1655 339 1730 ldem,
357 1674 421 1714 eum
439 1654 498 1714 aP.
514 1654 633 1715 Varinio
652 1657 831 1734 proconsule
846 1658 1018 1735 praeclusus
1035 1668 1127 1737 esset,

81 1741 159 1820 palis
177 1758 231 1818 per
244 1740 358 1799 modica
376 1738 530 1798 intervalla
549 1740 614 1798 fixis
635 1750 701 1798 arrte
722 1750 836 1818 portam
855 1751 955 1801 erecta
972 1744 1128 1820 cadavera,

82 1826 232 1884 adornata·
244 1832 329 1882 veste
350 1831 437 1900 atque
460 1823 563 1898 armis,
593 1823 749 1900 adligavit,
772 1832 803 1882 ut
826 1825 930 1902 procul
952 1827 1128 1886 intuentibus

81 1907 217 1969 stationis
235 1909 354 1986 species
367 1915 463 1981 esset,
483 1907 598 1983 ignibus
613 1925 667 1984 per
679 1916 740 1966 tota
757 1917 853 1967 castra
864 1909 959 1967 iactis
1000 1909 1129 1987 imagine

81 2011 156 2054 vana
177 1991 281 2052 deluso
302 1992 398 2067 hoste,
425 1992 526 2069 copias
551 1991 667 2050 silentio
690 1992 784 2049 noctis
807 1990 915 2049 eduxit.

169 2074 220 2136 23.
248 2074 384 2137 Brasidas
409 2074 467 2135 dux
495 2073 807 2150 Lacedaemoniorum,
835 2074 913 2133 circa
940 2073 1128 2154 Amphipolin

81 2161 118 2222 ab
140 2159 362 2221 Atheniensium
377 2159 556 2219 multitudine
569 2175 689 2216 numero
705 2160 798 2236 impar
815 2157 1033 2237 deprehensus,
1051 2160 1128 2220 clau·

82 2244 215 2304 deudum
223 2260 258 2303 se
270 2244 430 2323 praestitit,
449 2251 479 2302 ut
496 2242 680 2321 perlongum
696 2259 824 2302 coronae
842 2242 976 2302 ambitum
991 2254 1128 2307 extenua-

82 2339 128 2389 ret
146 2326 284 2388 hostilem
304 2327 513 2406 frequentiam:
535 2345 650 2406 quaque
671 2327 810 2387 rarissimi
832 2327 1003 2405 obstabant,
1022 2333 1128 2409 erupit.

172 2411 224 2474 24.
248 2411 409 2490 Iphicrates
432 2413 460 2471 in
476 2411 599 2471 Thracia
623 2430 686 2470 cum
703 2413 847 2490 depresso
865 2413 933 2472 loco
958 2423 1052 2473 castra
1077 2434 1129 2493 po-

82 2498 212 2571 suisset,
235 2496 423 2574 explorasset
442 2504 538 2571 autem
553 2496 588 2555 ab
603 2495 687 2556 hoste
706 2499 867 2575 proximum
889 2499 981 2556 teneri
1011 2498 1128 2575 collem,

85 2600 121 2641 ex
155 2597 214 2658 quo
242 2598 315 2640 uuus
344 2580 380 2640 ad
407 2578 614 2658 obprimendos
645 2582 727 2659 ipsos
757 2581 917 2642 descensus
941 2591 1019 2657 erat,
1042 2593 1129 2644 nocte

84 2667 190 2744 paucis
212 2665 286 2724 intra
308 2672 404 2723 castra
427 2664 540 2724 relictis
560 2665 730 2742 imperavit,
751 2667 858 2726 multos
881 2668 965 2743 ignes
986 2667 1129 2746 lacerent,

85 2749 255 2827 eductoque
278 2749 410 2808 exercitu
433 2757 462 2807 et
484 2749 628 2826 disposito
653 2750 731 2809 circa
753 2750 845 2810 latera
862 2751 1032 2829 praedictae
1052 2754 1130 2827 viae,

82 2851 190 2911 passus
213 2841 258 2893 est
278 2832 402 2892 transire
427 2831 583 2901 barbaros;
611 2833 802 2911 locorumque
829 2834 996 2913 iniquitate,
1023 2836 1051 2892 in
1075 2854 1131 2914 qua

83 2919 147 2997 ipse
170 2916 285 2990 iuerat,
306 2917 335 2979 iu
356 2916 424 2975 illos
447 2933 609 2992 conversa,
632 2926 717 2995 parte
746 2919 894 2978 exercitus
922 2927 1007 2996 terga
1030 2937 1130 2982 eorum

83 3000 211 3075 cecidit,
230 3010 314 3080 parte
338 3008 433 3060 castre
455 3001 543 3078 cepit.

167 3084 221 3144 25.
245 3085 377 3159 Dareus,
407 3092 438 3143 ut
468 3083 586 3143 lalleret
608 3085 732 3160 Scythas
755 3085 905 3161 discessu,
930 3104 1019 3146 canes
1042 3098 1130 3167 atque

84 3171 186 3230 asinos
215 3171 244 3229 in
272 3169 378 3228 castris
405 3168 538 3245 reliquit:
570 3185 644 3247 quos
674 3186 738 3228 eum
765 3169 905 3230 latrantes
930 3171 1130 3252 rudentesque

83 3254 179 3315 hostis
203 3254 333 3328 audiret,
357 3269 509 3312 remanere
531 3251 664 3312 Dareum
682 3253 813 3313 credidit.
1154 3256 1156 3260 “

167 3337 221 3401 26.
245 3297 387 3398 Eumdem
408 3353 538 3395 errorem
561 3335 704 3397 obiectari
731 3339 838 3401 nostris
860 3339 973 3399 Silures
982 3358 1066 3418 ,per
1087 3340 1128 3399 di-

81 3440 168 3485 versa
186 3422 254 3486 loca
274 3420 399 3483 buculos
421 3419 534 3498 laqueis
556 3420 592 3481 ad
613 3420 736 3483 arbores
763 3422 990 3501 adligaverunt,
1013 3423 1070 3497 np‘x
1087 3422 1141 3474 ue-
