2438 3848
266 173 607 226 srnnnnanuauroou
627 175 697 225 nra.
721 177 744 225 1.
769 175 844 225 eae.
867 176 914 225 x1.
1083 164 1123 227 23

167 330 197 390 9.
243 329 433 390 Archidamus
453 330 718 408 Lacedaemonius,
747 332 887 391 adversus
909 333 1041 393 Arcadas
1061 333 1124 393 bel-

81 415 140 475 lum
163 431 273 492 gerens
302 431 379 474 aram
403 416 432 473 in
458 416 562 474 castris
583 416 681 475 statuit
707 425 738 476 et
767 416 845 476 circa
874 433 939 475 eam
961 417 1033 476 duos
1058 417 1125 478 duci

82 515 179 577 equos
200 506 289 557 noctu
312 498 387 557 clam
408 498 575 576 imperauit:
594 516 716 578 quorum
728 500 851 576 vestigia
868 518 962 576 mane,
981 509 1126 578 tamquam

81 581 190 643 Castor
213 591 242 642 et
263 582 368 642 Pollux
387 583 642 661 perequitassent,
672 584 848 660 ostendens,
877 584 1029 644 adiuturos
1058 602 1125 645 eos-

81 666 149 727 dem
173 666 247 745 ipsis
269 664 478 744 proeliantibus
501 668 654 745 persuasit.

173 751 220 810 lb.
264 750 394 811 Pericles
417 751 475 810 dux
494 750 729 828 Atheniensium,
753 753 872 813 initurus
895 751 1039 831 proelium
1062 770 1126 812 cum

80 834 337 895 animaduertisset
361 834 472 910 lucum,
497 853 536 894 ex
558 853 616 914 quo
637 843 759 916 utraque
782 838 862 897 acies
885 837 1017 915 conspici
1041 846 1125 915 pote·

82 929 143 995 rat,
167 918 358 978 densissimae
375 919 547 996 opacitatis,
571 929 683 979 vastum
701 921 829 1001 alioquin
853 929 882 979 et
901 920 960 981 Diti
983 923 1058 999 patri
1079 939 1126 981 aa·

83 1020 181 1078 crum,
205 1003 329 1081 ingentis
351 1001 411 1062 illic
431 1010 559 1063 staturae
580 1002 739 1081 hominem,
762 1004 909 1064 altissimis
929 1004 1077 1064 cothurnis
1097 1013 1126 1064 et

82 1095 170 1147 veste
191 1103 338 1166 purpurea
360 1104 395 1146 ao
419 1103 501 1147 coma
524 1087 737 1162 venerabilem,
767 1089 796 1146 in
825 1106 910 1147 ourru
938 1088 1127 1148 candidorum

83 1187 229 1250 equorum
249 1170 399 1232 sublimem
421 1172 586 1245 constituit,
609 1170 658 1248 qui
682 1170 749 1230 dato
772 1173 856 1248 signo
879 1189 995 1250 pugnae
1020 1188 1126 1249 prove-

83 1255 205 1316 heretur
231 1263 276 1330 et,
313 1271 388 1314 uoce
416 1254 560 1314 Periclem
585 1255 701 1314 nomine
727 1254 896 1333 adpellem,
924 1254 1128 1315 cohortaretur

84 1357 151 1400 eum
167 1339 355 1418 diceretque,
377 1337 459 1399 Deos
475 1337 703 1399 Atheniensibus
723 1339 845 1399 adessa:
870 1355 927 1418 quo
948 1356 1043 1417 paene
1061 1348 1127 1399 ante

84 1425 249 1484 coniectum
272 1423 323 1483 teli
345 1423 448 1483 hostes
469 1433 553 1501 terga
573 1431 733 1484 verterunt.

173 1508 222 1567 il.
266 1506 306 1567 lt.
321 1507 417 1584 Sulla,
448 1525 505 1586 quo
534 1509 712 1586 paratiorem
733 1508 852 1568 militem
880 1508 916 1568 ad
945 1510 1128 1589 pugnandum

83 1592 223 1668 baberet,
247 1590 378 1670 praedici
400 1592 455 1651 sibi
477 1591 568 1652 alliis
590 1593 684 1654 futura
701 1593 855 1653 simulavit.
876 1592 1028 1654 Postremo
1043 1596 1129 1654 etiarn

83 1677 114 1735 in
137 1685 298 1755 conspectu
320 1677 482 1752 exercitus,
503 1679 670 1756 priusquam
693 1679 721 1736 in
744 1679 836 1739 aciem
856 1677 1066 1754 descenderet,
1090 1678 1128 1737 si-

84 1779 174 1838 gnum
194 1760 328 1821 modicae
350 1761 562 1839 amplitudinis,
582 1762 660 1840 quod
680 1762 805 1840 Delphis
829 1761 1001 1839 sustulerat,
1028 1761 1130 1821 orabat

86 1844 283 1924 petebatque,
305 1847 476 1922 promissam
494 1846 646 1906 victoriam
668 1855 832 1907 maturaret.

176 1927 223 1988 12.
271 1925 305 1987 G.
319 1927 426 1988 illarius
446 1946 544 2006 sagam
565 1929 716 2007 quamdam
739 1948 777 1988 ex
800 1928 884 2002 Syria
900 1927 1015 2004 habuit,
1035 1946 1051 1987 a
1074 1946 1130 2006 qua

83 2031 120 2072 ae
141 2013 356 2073 dimicationum
379 2022 500 2073 euentus
520 2014 709 2090 praediscere
729 2011 891 2071 simulabat.

175 2095 223 2158 13.
269 2096 306 2169 Q.
330 2097 496 2172 Sertorius,
520 2114 584 2156 oum
606 2096 731 2156 barbaro
756 2105 786 2156 et
806 2095 926 2156 rationis
944 2093 1063 2154 indocili
1081 2095 1131 2153 mi·

42 2195 46 2203 ·
87 2181 138 2242 lite
151 2188 294 2255 uteretur,
319 2198 436 2241 cervam
456 2180 605 2241 candidam
626 2181 746 2258 insignis
765 2180 876 2239 formae
892 2196 947 2258 per
958 2178 1133 2238 Lusitaniam

87 2264 216 2325 ducebat
243 2271 272 2322 et
294 2263 330 2324 ab
353 2282 406 2341 ea,
440 2283 515 2345 quae
539 2265 652 2342 agenda
682 2272 730 2324 aut
751 2264 866 2323 vitanda
899 2272 1015 2338 essent,
1046 2280 1131 2341 prae·

88 2366 216 2409 noscere
238 2365 272 2407 ee
294 2348 502 2418 adseverabat:
531 2359 561 2409 ut
583 2349 699 2410 barbari
721 2349 757 2409 ad
780 2349 874 2409 omnia
896 2358 1040 2426 tamquam
1060 2348 1132 2407 divi·

87 2435 164 2493 nitus
182 2433 323 2512 imperata
343 2433 506 2494 obedirent.

174 2516 238 2578 lloc
260 2535 370 2594 genere
393 2527 622 2594 strategematon
642 2534 699 2577 non
719 2536 754 2578 ea
772 2526 879 2578 tantum
895 2526 979 2597 parte
997 2516 1134 2575 utendum

89 2611 149 2676 est,
172 2619 227 2680 qua
240 2602 390 2679 imperitos
402 2601 627 2662 existimabimus
644 2619 729 2677 esse,
753 2603 830 2680 apud
849 2619 923 2682 quos
945 2601 989 2662 his
1011 2608 1133 2674 utemur,

89 2688 143 2748 sed
157 2684 248 2744 multo
271 2686 362 2761 magis
386 2703 431 2760 ea,
454 2704 511 2764 qua
533 2687 601 2745 talia
620 2695 714 2762 erunt,
736 2705 811 2764 quae
824 2685 1080 2769 'excogitabantun
1104 2692 1135 2745 ut

89 2790 105 2830 a
126 2769 191 2829 Diis
213 2778 370 2828 monstrata
388 2770 552 2830 credantur.

180 2853 229 2912 14.
274 2852 443 2914 Alexander
459 2853 583 2913 lllacedo
607 2853 821 2914 sacrificaturus
844 2854 991 2932 inscripsit
1008 2850 1135 2912 medica·

89 2945 189 2997 mento
214 2937 357 3013 aruspicis
381 2956 509 3013 manum,
542 2955 627 3015 quam
654 2937 705 2997 ille
729 2939 803 2998 extis
831 2947 893 2998 erat
920 2935 1134 3014 subpositorus.

88 3021 218 3081 Litterae
247 3020 463 3097 significabant,
495 3023 647 3081 victorium
669 3021 839 3082 Alexandro
868 3022 946 3082 dari:
976 3038 1048 3098 quas
1071 3037 1136 3079 eum

90 3108 176 3166 iecur
193 3105 317 3165 calidum
339 3107 486 3184 rapuisset
509 3114 567 3164 eta
586 3123 659 3182 rege
674 3106 755 3165 militi
769 3114 849 3166 esset
869 3115 1036 3181 ostensum,
1058 3105 1137 3166 auxit

89 3191 230 3264 animum,
254 3198 397 3267 tamquam
418 3189 484 3250 Deo
507 3189 670 3268 spondente
693 3191 853 3250 victoriam.

183 3273 229 3332 15.
281 3272 361 3334 ldem
395 3274 466 3334 fecit
498 3273 624 3334 Sudines
654 3291 799 3353 aruspex,
833 3274 977 3353 proelium
1005 3270 1136 3331 Eumene

90 3375 157 3420 eum
179 3354 270 3417 Gallis
292 3358 492 3417 commissuro.

182 3441 230 3503 16.
276 3440 490 3522 Epaminondas
512 3443 685 3521 Thebanus,
701 3442 858 3504 'adversus
886 3437 1143 3503 Lacedaemoniae
