2438 3848
284 156 627 217 sunnunenmnuucon
648 166 718 214 ure.
740 166 762 212 1.
784 166 860 214 cun.
882 167 904 215 1.
1106 158 1125 217 3

161 321 199 379 V.
223 319 269 380 De
291 319 443 380 evadendo
464 337 504 379 ex
526 319 600 379 locis
624 319 811 381 difficillimis.

145 404 199 464 VI.
221 404 267 464 De
290 404 401 464 insidiis
421 405 450 462 in
472 404 576 464 itinere
595 404 689 464 iactis.

132 488 199 550 Vll.
224 487 472 561 Quemadmodum
493 505 544 563 ea,
574 486 677 566 quibus
699 488 865 564 delinimur,
894 489 1046 549 uideantur
1068 508 1125 549 non
1158 520 1161 524 Δ

249 572 374 650 deesse,
396 581 444 631 aut
465 590 534 631 usus
557 588 658 632 eorum
681 573 845 652 expleatur.

121 654 201 714 Vlll.
222 655 268 715 De
292 655 497 732 distringendis
523 655 666 715 hostibus.

149 739 201 799 IX.
224 739 270 800 De
292 740 437 800 seditione
461 740 580 799 militum
603 742 828 818 compescenda.
853 801 856 807 ,

163 823 202 885 Χ.
226 822 472 897 Quemadmodum
498 817 708 903 'intempestiva
740 825 900 903 postulatio
935 844 1050 907 pugnae
1085 829 1124 886 in·

248 906 392 966 hibentur.
620 956 622 961 .

147 989 200 1050 Xl.
225 989 471 1064 Quemadmodum
496 990 657 1050 incitandus
680 987 724 1050 sit'
738 992 775 1052 ad
799 993 945 1070 proelium
967 997 1124 1055 exercitus.

101 1120 103 1125 .
133 1073 199 1134 Xll.
223 1074 268 1135 De
291 1073 479 1134 dissolvendo
503 1084 599 1150 metu,
618 1091 704 1152 quem
725 1075 831 1135 milites
849 1094 887 1135 ex
903 1078 1035 1137 aduersis
1056 1096 1124 1137 con-

162 1162 164 1167 '
250 1158 381 1237 ceperint
403 1157 556 1217 ominibus.

507 1322 656 1385 GAPUT
680 1324 703 1385 1.

342 1455 390 1502 ns
414 1451 657 1503 oooonununus
681 1454 865 1504 consinus,

169 1577 198 1635 1.
222 1573 261 1635 bl.
284 1575 406 1635 Porcius
430 1573 503 1636 Gato
526 1575 657 1637 devictas
688 1575 724 1637 ab
753 1595 786 1636 se
807 1577 965 1656 Hispaniae
993 1581 1126 1640 civitates

81 1659 268 1722 existimabat
287 1661 316 1718 in
335 1668 469 1738 tempore
483 1658 677 1720 rebellaturas
695 1660 800 1721 fiducia
814 1680 969 1722 murorum.
1002 1664 1127 1742 Scripsit

81 1748 181 1823 itaque
205 1744 345 1820 singulis,
366 1752 398 1803 ut
415 1744 563 1804 diruerent
578 1746 767 1821 munimenta,
786 1747 907 1807 minatus
927 1747 1052 1822 bellum,
1071 1748 1127 1806 nisi

82 1829 238 1890 confestim
261 1826 530 1906 obtemperassent;
561 1830 762 1907 epistolasque
790 1832 934 1891 universis
963 1830 1126 1891 civitatibus

82 1914 189 1974 eodem
219 1912 266 1972 die
288 1910 372 1971 reddi
393 1912 485 1972 iussit.
529 1906 728 1991 Unaquaeque
745 1912 858 1972 urbium
877 1913 933 1972 sibi
955 1915 1010 1973 soli
1034 1914 1126 1974 credi·

81 1998 122 2058 dit
140 1999 323 2076 imperatum.
369 1994 564 2056 Contumaces
580 1997 758 2074 conspiratio
772 1999 866 2073 potuit
882 1997 999 2072 iacere,
1023 2001 1048 2056 si
1066 2014 1125 2056 om-

81 2081 167 2142 nibus
188 2080 265 2141 idem
288 2079 448 2139 denuntiari
467 2089 566 2139 notum
586 2079 702 2140 luisset.

169 2164 199 2230 2.
221 2163 346 2224 Himilco
367 2163 426 2223 dux
446 2164 627 2240 Poenorum,
648 2173 680 2222 ut
701 2165 728 2222 in
748 2162 876 2223 Siciliam
898 2163 1061 2241 inopinatus
1077 2164 1125 2223 ad·

84 2249 213 2328 pelleret
234 2248 375 2325 classem,
398 2266 456 2307 non
476 2249 686 2326 pronuntiavit,
717 2265 774 2325 quo
798 2247 1050 2326 proficisceretur;
1073 2249 1126 2307 sed

83 2332 228 2409 tabellas,
251 2332 406 2410 inquibus
429 2335 569 2412 scriptum
590 2338 669 2407 erat,
697 2349 781 2411 quam
803 2341 914 2409 partem
934 2334 994 2412 peti
1025 2333 1127 2407 vellet,

84 2417 230 2477 universis
246 2415 491 2494 gubernatoribus
508 2415 587 2477 dedit
603 2418 748 2494 signatas,
763 2419 992 2496 praecepitque,
1011 2435 1047 2475 ne
1063 2418 1127 2494 quis

84 2502 220 2578 legeret,
241 2501 296 2560 nisi
309 2501 337 2561 vi
355 2501 537 2579 tempestatis
553 2519 569 2560 a
585 2519 671 2560 cursu
691 2503 856 2580 praetoriae
872 2503 953 2561 nauis
974 2500 1126 2560 abductus.

170 2585 200 2646 3.
225 2583 259 2644 0.
282 2583 414 2658 Laelius,
442 2584 665 2663 adSyphaeem
693 2584 845 2663 proiectus
869 2585 1002 2661 legatus,
1032 2585 1127 2644 lectos

84 2669 228 2749 quosdam
250 2687 288 2728 ex
309 2668 432 2728 tribunis
453 2677 485 2728 et
506 2669 724 2729 centurionibus
750 2687 804 2746 per
826 2671 956 2747 speciem
978 2670 1126 2728 servitutis

84 2772 119 2814 ac
141 2754 292 2814 ministerii
315 2752 522 2831 exploratores
544 2770 644 2812 secum
670 2752 765 2812 duxit:
787 2771 824 2811 ex
846 2752 950 2831 quibus
974 2752 1005 2812 L.
1030 2754 1125 2812 Stato-

83 2839 173 2913 rium,
198 2855 301 2915 quem,
333 2836 399 2914 quia
422 2838 540 2915 saepius
562 2838 591 2895 in
614 2819 724 2896 eisdem
747 2839 850 2896 castris
872 2836 984 2910 iuerat,
1014 2836 1127 2913 quidam

84 2941 123 2980 ex
153 2921 286 2981 hostibus
313 2919 486 2981 videbantur
513 2937 694 2997 agnoscere,
731 2920 922 2981 occultandae
956 2920 1127 2979 conditionis

84 3007 149 3065 eius
173 3023 263 3064 causa
284 3003 389 3065 baculo
410 3014 442 3063 ut
465 3022 581 3063 servum
604 3005 766 3080 castigavit.

168 3091 200 3150 4.
224 3088 396 3168 Tarquinius
416 3087 567 3167 Superbus
590 3096 689 3166 pater,
718 3088 866 3165 principes
889 3087 1062 3148 Gabinorum
1087 3090 1127 3146 in·

83 3173 275 3234 teriiciendos
298 3172 469 3247 arbitratus,
500 3173 566 3250 quia
587 3171 645 3230 hoc
664 3171 770 3230 nemini
792 3170 911 3231 volebat
933 3175 1127 3246 commissum,

84 3257 154 3317 nihil
175 3259 277 3317 nurntio
296 3256 464 3334 respondit,
486 3257 535 3332 qui
557 3256 592 3315 ad
616 3272 680 3314 eum
701 3273 717 3314 a
739 3255 799 3314 lilio
815 3264 877 3315 erat
892 3259 1011 3323 missus;
1033 3265 1128 3315 tamen

83 3342 167 3419 virga
190 3340 345 3400 eminentia
369 3357 547 3418 papaverum
575 3340 685 3417 capita,
711 3356 774 3398 cum
803 3340 878 3399 forte
909 3342 938 3399 in
961 3341 1046 3400 horto
1069 3357 1126 3398 am-

83 3425 217 3504 bularet,
241 3424 381 3505 decussit.
426 3422 548 3484 Nuntius
570 3424 632 3486 sine
653 3441 799 3504 responso
822 3442 966 3485 reuersus
984 3423 1138 3481 renuntia-

942 3519 987 3578 X*
