2438 3848
126 169 165 231 34
459 180 836 230 snx.1u1.11s1rouu1u1
903 224 906 229 .

212 337 261 394 11.
306 336 454 395 Sertorius
465 334 541 394 idem
560 337 589 394 in
599 335 737 413 Hispania
749 335 892 395 adversus
907 334 1076 414 Pompeium
1087 338 1169 399 fecit.

212 418 262 479 12.
307 417 496 479 Cleandridas
510 418 759 480 Lacedaemonius
782 420 924 479 adversus
945 420 1079 480 Lucanos
1100 423 1169 483 den·

126 519 186 562 sum
203 504 337 562 instruxit
359 503 471 578 aciem,
495 511 526 561 ut
540 503 629 580 longe
643 505 761 582 minoris
775 504 922 562 exercitus
937 507 1068 582 speciem
1082 525 1168 583 prae·

124 586 219 646 beret.
264 587 385 647 Securis
411 586 517 646 deiude
545 587 696 663 hostibus,
722 588 750 646 ia
776 588 842 665 ipso
873 590 1029 648 certamine
1059 590 1171 650 diduxit

125 671 244 732 ordines
268 681 297 730 et
320 689 335 729 a
360 668 500 730 lateribus
523 671 736 731 circumventos
760 688 813 730 eos
833 670 915 730 fudit.

211 756 261 816 13.
307 753 430 814 Gastron
451 753 717 830 Lacedaemonius,
738 771 801 814 oum
821 755 928 814 auxilio
943 755 1101 831 Aegyptiis
1118 755 1168 815 ad-

77 848 78 851 ’
124 856 228 897 versus
256 838 362 897 Persas
388 839 519 897 venisset
546 847 577 897 et
605 839 716 914 sciret,
744 836 899 897 firmiorem
927 857 995 905 esse
1021 833 1179 899 *Graecum

124 921 244 981 militem
266 922 416 999 magisque
441 939 458 980 a
480 921 577 981 Persis
599 924 709 998 11111511,
733 924 914 982 commutatis
931 923 1018 982 armis
1036 920 1168 983 Graecos

124 1009 153 1064 in
182 1008 273 1084 prima
300 1006 398 1083 posuit
426 1006 507 1080 acie,
536 1015 565 1066 et
596 1024 660 1065 cum
689 1007 731 1066 illi
758 1022 853 1084 aequo
877 1004 969 1066 Marte
992 1015 1168 1084 pugnarent,

125 1089 257 1149 submisit
278 1088 491 1166 Aegyptiorum
524 1107 648 1150 manum.
693 1090 803 1150 Persae
833 1107 897 1149 cum
925 1087 1063 1164 Graccis,
1093 1107 1168 1167 quos

124 1174 290 1253 Aegyptios
302 1173 508 1251 opinabantur,
529 1176 720 1249 restitissent,
735 1174 960 1252 superveniente
975 1173 1168 1249 multitudiue,

125 1276 210 1335 quam
232 1267 262 1317 ut
286 1256 463 1317 Graecorum
485 1268 683 1336 expaverant,
705 1267 867 1317 cesserunt.

212 1343 261 1402 14.
306 1340 358 1405 Cn.
381 1341 537 1418 Pompeius
564 1342 592 1399 in
621 1340 762 1415 Albania,
791 1341 990 1418 qniathostes
1017 1341 1167 1400 innumero

126 1427 254 1503 equitatu
276 1425 502 1502 praevalebant,
525 1423 639 1501 pedites
661 1442 731 1484 suos
750 1427 827 1484 iuxta
849 1425 957 1485 collem
982 1424 1010 1482 in
1030 1425 1169 1500 angustiis

124 1517 284 1587 protegere
307 1508 424 1585 galeas,
445 1526 482 1567 ne
503 1507 621 1584 fulgore
641 1526 739 1568 earum
760 1510 911 1587 conspicui
932 1508 1050 1583 fierent,
1074 1509 1168 1582 iussit,

125 1592 240 1669 equites
267 1591 373 1651 deinde
399 1593 428 1650 in
456 1610 580 1669 acquum
608 1593 774 1671 procedere
802 1610 838 1651 ac
864 1593 944 1652 velut
972 1591 1168 1670 praetendere

124 1674 286 1755 peditibus;
309 1677 519 1754 praecepitque
544 1678 604 1751 eis,
626 1686 658 1736 ut
681 1677 717 1737 ad
739 1678 859 1754 primum
882 1679 1019 1754 impetum
1042 1675 1167 1735 hostium

124 1759 296 1835 refugerent
315 1769 360 1833 et,
384 1760 467 1819 simul
487 1760 522 1820 ad
540 1760 655 1837 pedites
669 1769 786 1820 ventum
802 1770 898 1836 esset,
922 1763 951 1819 in
964 1760 1057 1819 latera
1071 1759 1168 1819 disce·

126 1844 238 1903 derent.
285 1842 370 1916 Quod
389 1844 438 1903 ubi
461 1844 629 1922 explicitum
652 1853 714 1919 est,
739 1844 888 1926 patefacto
911 1843 980 1902 ioco
999 1842 1094 1902 subita
1115 1861 1167 1922 pe·

124 1927 212 1987 ditum
235 1929 418 1986 consurrexit
441 1930 520 1988 acies
548 1929 741 2006 invectosque
763 1937 874 1988 temere
895 1928 998 1989 hostes
1018 1927 1168 2005 inopinato

123 2011 264 2071 interfusa
283 2011 398 2089 proelio
422 2013 537 2072 cecidit.

211 2096 259 2156 15.
304 2094 343 2154 M
367 2095 510 2155 Antonius
526 2097 667 2155 adversus
682 2094 820 2169 Parthos,
844 2095 893 2173 qui
913 2094 1020 2154 infinita
1041 2095 1167 2155 multitu·

123 2180 189 2240 dine
211 2182 378 2256 sagittarum
402 2182 562 2239 exercitum
582 2182 643 2239 eius
665 2178 842 2254 obruebant,
870 2178 1025 2238 subsidere
1047 2195 1119 2238 suos
1138 2188 1167 2238 51

122 2271 168 2322 155
171 2264 298 2323 tudinem
320 2263 420 2323 facere
440 2265 539 2333 iussit;
564 2281 651 2341 supra
672 2279 756 2340 quam
774 2264 949 2322 transmissis
970 2263 1084 2339 sagittis
1104 2264 1167 2322 sine

123 2347 243 2406 militum
265 2365 341 2406 noxa
362 2347 520 2406 exhaustus
542 2354 587 2406 est
607 2346 710 2405 hostis.

211 2432 259 2492 16
303 2429 444 2490 Hannibal
459 2430 600 2489 adversus
621 2430 816 2508 Scipionem'
807 2449 836 2488 rn
854 2428 971 2502 Africa,
995 2446 1060 2489 cum
1077 2368 1167 2489 5555·

50 2548 51 2552 =
122 2523 168 2574 ret
196 2518 356 2575 exercitum
384 2532 422 2573 ex
448 2513 554 2574 Poenis
581 2522 610 2572 et
639 2513 843 2586 auxiliaribus,
873 2530 995 2591 quorum
1020 2531 1089 2591 pars
1110 2530 1168 2572 non

74 2607 78 2613 '
123 2599 219 2659 solum
248 2618 286 2658 ex
315 2598 440 2659 diversis
463 2597 599 2675 populis,
627 2598 681 2658 sed
705 2599 791 2657 etiam
814 2616 852 2657 cx
873 2595 981 2657 italicis
1003 2596 1168 2670 constabat,

123 2692 191 2759 post
211 2681 385 2761 elephantos
409 2683 575 2759 octoginta,
598 2683 647 2759 qui
667 2682 695 2740 in
710 2683 801 2759 prima
822 2680 920 2741 fronte
935 2681 1024 2756 positi
1043 2681 1167 2741 hostium

123 2766 272 2826 turbarent
291 2767 401 2841 aciem,
425 2765 581 2826 auxiliares
597 2763 697 2826 Gallos
713 2774 743 2824 51
752 2764 876 2841 Ligures
893 2773 923 2823 et
934 2763 1074 2823 Baleares
1088 2763 1167 2824 Mau·

122 2867 232 2929 rosque
251 2851 365 2927 posuit,
393 2857 424 2908 ut
445 2850 550 2927 fugere
572 2867 630 2909 non
650 2856 788 2928 possent,
816 2849 922 2908 Poenis
945 2865 962 2908 a
981 2857 1067 2924 tergo
1091 2856 1167 2909 stan-

123 2933 216 3008 tibus,
247 2943 276 2992 et
302 2932 416 2992 hostem
445 2933 573 3012 obpositi
602 2935 627 2992 si
649 2951 708 2992 non
730 2932 918 3007 infestarent,
947 2940 1080 2991 atcerte
1103 2931 1166 2991 fati·

123 3026 242 3092 gerent:
272 3025 331 3076 tum
354 3019 412 3077 suis
440 3027 470 3078 et
489 3017 717 3092 Macedonibus,
748 3018 796 3094 qui
824 3017 880 3075 ianr
902 3016 1000 3075 fessos
1019 3014 1168 3075 Romanos

88 3095 90 3099 ’
122 3101 229 3175 integri
256 3103 444 3178 exciperent,
473 3104 500 3161 in
531 3102 660 3161 secunda
686 3103 750 3159 acie
777 3100 960 3175 conlocatis,
991 3100 1168 3159 novissimos

122 3182 242 3244 Italicos
266 3187 429 3261 constituit,
451 3203 573 3263 quorum
595 3195 624 3244 et
645 3183 765 3243 timebat
788 3185 873 3243 iidem
892 3193 921 3242 et
943 3184 1099 3260 segnitiem
1118 3202 1167 3243 ve·

123 3266 260 3344 rebatur,
280 3271 414 3347 quoniam
434 3269 593 3347 plerosque
608 3285 708 3327 eorum
721 3268 756 3327 ab
769 3266 851 3328 ltalia
868 3268 975 3327 invitos
988 3275 1167 3327 extraxerat.

124 3352 224 3429 Scipio
247 3353 388 3414 adversus
409 3353 483 3414 hanc
506 3354 628 3413 formam
649 3351 739 3413 robur
763 3352 890 3428 legionis
917 3352 1025 3430 triplici
1050 3353 1116 3412 acie
1139 3353 1168 3410 in

123 3435 220 3496 fronte
243 3438 403 3500 ordinatum
431 3455 485 3516 per
505 3437 636 3498 hastatos
660 3445 689 3496 et
711 3437 861 3517 principes
882 3445 912 3496 et
934 3436 1050 3497 triarios
1072 3434 1168 3515 obpoff
