2438 3848
88 160 129 220 56
422 169 497 218 sax.
522 171 611 219 mnu
633 170 804 220 naonnmr

87 344 225 408 gressus,
249 326 342 386 altera
364 326 532 387 eorumdem
555 337 649 388 castra
671 328 783 388 invasit.
827 325 870 387 lta
889 325 935 386 bis
955 327 1042 388 simili
1064 347 1134 388 usus

88 421 212 486 eventu,
242 410 347 470 deletis
377 410 533 489 utrobique
560 411 684 488 Poenis,
712 412 834 472 amissas
862 412 974 491 populo
1001 411 1133 473 Romano

86 495 242 576 Hispanias
261 495 397 556 restituit.

494 660 647 726 CAPUT
674 662 731 724 XI.

190 795 237 841 nn
259 792 444 840 mucronum
469 793 593 841 aarum
622 793 661 840 m
685 792 770 840 ama
791 795 1017 844 acarnanum.

159 918 202 984 ,1.
247 914 277 974 Ρ.
292 914 428 974 Valerius
442 914 597 994 Epidauri,
622 915 725 975 timens
742 917 952 994 oppidanorum
967 917 1131 996 perfidiam,

87 1001 153 1079 quia
172 1017 272 1078 parum
286 999 424 1078 praesidii
442 999 585 1075 habebat,
608 1001 761 1076 gymnIcos
775 1001 860 1060 ludos
880 1002 984 1078 procul
1005 1001 1041 1061 ab
1058 1001 1132 1062 urbe

86 1085 246 1164 adparavit.
292 1082 358 1156 Quo
388 1100 452 1143 cmn
478 1085 571 1143 omnis
601 1083 665 1143 lere
691 1084 843 1144 multitudo
870 1086 1023 1163 spectandi
1044 1104 1133 1146 causa

86 1171 215 1243 exisset,
240 1168 344 1228 clausit
365 1177 486 1246 portas,
507 1185 563 1226 nec
582 1168 611 1226 in
632 1185 682 1228 eas
703 1176 788 1228 autea
810 1169 924 1228 admisit
944 1168 1131 1248 Epidaurios,

86 1273 172 1332 quam
191 1253 310 1312 obsides
332 1271 350 1311 a
371 1252 550 1330 principibus
574 1252 734 1331 acciperet.

171 1336 201 1396 2.
248 1335 301 1396 Gn.
328 1335 501 1419 Pompeius,
531 1354 595 1395 cum
623 1345 778 1415 suspectos
808 1334 931 1395 baberet
961 1333 1133 1398 Caucenses

86 1432 116 1481 et
136 1429 305 1494 vereretur,
326 1438 363 1479 ne
384 1421 560 1497 praesidium
576 1436 633 1478 non
651 1421 836 1498 reciperent,
859 1421 942 1497 petiit
958 1419 995 1480 ab
1017 1423 1080 1497 eis,
1102 1431 1133 1481 ut

86 1521 195 1580 aegros
218 1504 330 1562 interim
352 1503 429 1581 apud
458 1522 490 1562 se
520 1503 601 1562 refici
625 1512 809 1580 paterentnr;
837 1503 1003 1564 fortissimis
1026 1505 1132 1565 deinde

84 1586 183 1648 babitu
211 1586 409 1662 languentium
433 1587 544 1661 missis,
575 1587 720 1647 civitatem
742 1588 897 1666 occupavit
921 1590 1131 1667 continuitque.

171 1669 200 1731 3.
246 1667 433 1745 Alexander,
469 1670 584 1729 devicta
615 1672 836 1749 perdomitaque
874 1671 997 1733 Thracia
1026 1683 1133 1751 petens

85 1755 203 1829 Asiam,
227 1754 337 1813 veritus
366 1772 404 1813 ne
434 1762 500 1832 post
525 1754 617 1832 ipsius
646 1755 808 1815 discessum
834 1765 1017 1815 sumerentur
1041 1775 1131 1833 arma,

85 1857 175 1916 reges
193 1854 293 1897 eorum
307 1837 534 1916 praefectosque
550 1848 579 1897 et
594 1857 717 1914 omnes,
741 1839 845 1917 quibus
860 1840 1014 1900 videbatur
1033 1843 1132 1902 inesse

86 1940 155 1983 cura
182 1923 332 1983 detractae
359 1921 519 1998 libertatis,
549 1941 649 1982 secum
674 1924 755 1983 velut
776 1923 896 1983 honoris
920 1942 1008 1984 causa
1030 1928 1131 1993 traxit;

85 2007 263 2085 ignobilibus
285 2016 380 2067 autem
402 2008 513 2067 relictis
535 2007 671 2085 plebeios
694 2007 853 2086 praefecit,
877 2019 1071 2084 consecutus,
1092 2010 1132 2068 uti

86 2093 235 2172 principes
258 2090 410 2151 beneficiis
434 2093 497 2150 eius
522 2090 656 2152 obstricti
676 2091 745 2151 nihil
768 2109 878 2151 novare
900 2092 1024 2168 vellent,
1045 2092 1132 2173 plebs

86 2194 160 2238 vero
182 2195 219 2236 ne
237 2186 340 2253 posset
365 2177 496 2253 quidem,
521 2176 646 2254 spoliata
669 2175 858 2254 principibus.

170 2261 200 2318 4.
245 2258 414 2339 Antipater,
444 2269 606 2338 conspecto
634 2262 732 2338 priore
760 2259 958 2319 Bottiaeorum
988 2262 1132 2337 exercitu,

86 2345 135 2422 qui
154 2343 249 2402 audita
271 2350 364 2401 morte
382 2341 544 2403 Alexandri
565 2344 600 2403 ad
612 2324 805 2409 infestandum
821 2345 971 2423 imperium
985 2346 1048 2404 eius
1064 2363 1133 2405 con·

84 2427 243 2502 fluxerant,
267 2424 450 2484 dissimulans
473 2427 621 2501 scineae,
645 2446 700 2505 qua
719 2437 815 2487 mente
833 2431 1000 2505 venissent,
1023 2431 1132 2506 gratias

84 2509 130 2570 bis
153 2510 231 2587 egit,
256 2510 334 2588 quod
357 2509 392 2568 ad
412 2509 548 2568 auxilium
568 2509 719 2571 serendum
738 2510 907 2572 Alexandro
925 2513 1069 2573 adversus
1081 2513 1133 2574 La·

85 2595 293 2656 cedaemonios
317 2594 539 2669 convenissent,
562 2594 728 2672 adiecitque
752 2596 780 2655 id
803 2615 835 2656 se
859 2597 923 2673 regi
943 2599 1131 2676 scripturum:

85 2687 215 2739 ceterum
237 2679 335 2755 ipsos,
357 2677 422 2755 quia
445 2677 500 2736 sibi
520 2695 611 2756 opera
635 2696 734 2739 eorum
757 2681 788 2739 in
807 2681 955 2758 praesenti
974 2698 1035 2740 non
1053 2691 1134 2742 esset

83 2762 270 2838 necessaria,
294 2760 407 2822 abirent
424 2762 527 2822 domos
545 2762 676 2823 hortatus
696 2772 762 2829 cst:
791 2774 821 2825 et
833 2764 888 2824 bac
907 2764 1134 2826 adseveratione

83 2846 262 2926 pericnlum,
287 2846 365 2923 quod
387 2864 425 2905 ex
446 2847 576 2907 novitate
599 2866 696 2907 rerum
713 2847 898 2923 imminebat,
919 2848 1067 2913 discussit.

121 2976 125 2983 .
170 2931 199 2990 5.
245 2930 346 3009 Scipio
374 2929 530 2993 Africanus
559 2933 588 2990 in
615 2930 770 3011 Hispania,
801 2951 866 2991 cum
894 2933 970 2992 inter
1001 2934 1134 3013 captivas

84 3014 208 3074 eximiae
229 3013 341 3073 iormae
364 3014 573 3091 virg00nubilis
594 3014 629 3075 ad
647 3035 712 3075 eum
732 3017 873 3093 perducta
892 3026 974 3076 esset
994 3020 1133 3083 omnium-

84 3116 142 3175 que
160 3099 265 3157 ocolos
283 3100 310 3156 in
332 3116 364 3158 se
381 3107 584 3176 converteret,
607 3117 715 3160 summa
731 3100 863 3163 custodia
876 3099 1002 3167 habitam
1022 3121 1133 3182 sponso
1173 3115 1177 3136 ⁴

83 3183 199 3241 nomine
224 3181 342 3241 Allucio
370 3183 509 3252 reddidit;
540 3185 718 3262 insuperque
746 3202 863 3259 aurum,
894 3185 973 3262 quod
994 3197 1134 3265 parentes

84 3266 148 3325 eius
174 3266 353 3344 redempturi
381 3268 525 3344 captivam
549 3269 655 3328 donum
676 3267 809 3346 Scipioni
832 3267 1013 3346 adtulerunt,
1038 3272 1133 3332 eidem

85 3366 196 3428 sponso
225 3367 279 3429 pro
308 3347 433 3429 nuptiali
459 3370 579 3412 munere
605 3351 694 3412 dedit.
741 3351 809 3431 Qua
827 3351 980 3432 multiplici
1000 3355 1132 3432 magnili-

85 3435 180 3497 centia
201 3435 337 3495 universa
362 3453 436 3513 gens
465 3437 543 3496 victa
568 3436 691 3517 imperio
720 3434 822 3517 populi
844 3436 967 3497 Romani
992 3440 1131 3503 accessit.
