2438 3848
84 179 125 243 26
416 190 493 239 sax.
516 185 794 238 1un11anonn1u1

172 345 220 408 12.
266 346 406 407 Chabrias
429 345 615 406 Atheniensis
644 343 741 404 classe
771 341 975 416 dimicaturus,
1003 360 1132 415 excusso

84 440 149 490 ante
170 448 273 491 navem
295 433 385 511 ipsius
407 430 543 504 fulmine,
565 429 712 489 exterritis
734 443 789 505 per
810 425 868 485 tale
892 426 1058 503 prodigium
1081 429 1132 486 mi·

84 514 183 575 litibus
212 514 312 589 Nunc,
345 517 452 594 iuquit,
487 515 668 592 potissimum
700 510 825 570 ineunda
852 526 950 588 pugna
977 518 1034 586 est,
1067 530 1132 570 cum

83 599 214 660 Deorum
236 603 375 660 maximus
400 600 509 677 Iupiter
532 599 639 658 adesse
661 613 767 656 numen
790 613 872 655 suum
895 594 984 655 classi
1009 604 1130 656 nostrae

67 683 219 743 ostendit.

495 808 713 818 ...μ-*-

380 966 471 1063 sm.
498 967 607 1062 ltili
628 965 830 1063 nannum

151 1154 616 1231 sranrnonrmmoou
642 1154 780 1227 crona
807 1151 1064 1227 sacunnus

529 1349 690 1359 ------

448 1468 769 1536 PRAEFATIO.

174 1611 332 1690 Dispositis
356 1612 448 1691 primo
471 1609 547 1669 libro
567 1610 709 1689 exemplis
729 1613 923 1688 instructoris,
940 1620 969 1681 ut
991 1629 1056 1672 mea
1077 1612 1133 1671 iert

90 1695 200 1774 opinio,
224 1696 328 1755 ducem
349 1697 378 1754 in
395 1695 451 1771 his,
475 1713 550 1772 quae
571 1704 637 1754 ante
653 1698 836 1756 commissum
860 1696 1002 1774 proelium
1020 1696 1133 1774 agenda

90 1787 166 1855 sunt,
188 1780 329 1858 deinceps
344 1780 500 1840 reddemus
520 1780 693 1858 pertinentia
707 1780 742 1840 ad
756 1799 806 1857 ea,
828 1799 902 1858 quae
918 1781 1029 1859 inipso
1046 1797 1133 1859 proe-

89 1863 130 1922 Iio
145 1866 192 1940 agi
216 1864 328 1942 soient,
355 1873 385 1925 et
402 1863 506 1923 deinde
530 1881 580 1940 ea,
605 1881 679 1941 quae
702 1874 770 1942 post
794 1864 946 1943 proelium.

172 1947 291 2025 Eorum,
315 1968 389 2029 quae
414 1948 449 2008 ad
474 1948 616 2027 proelium
638 1950 798 2026 pertinent,
823 1951 940 2027 specics
963 1956 1045 2006 suut:

190 2033 212 2095 I.
255 2033 301 2094 De
324 2044 457 2112 tempore
481 2033 515 2092 ad
538 2051 663 2111 pugnam
680 2033 828 2110 eligendo.

175 2117 212 2177 II.
255 2118 301 2179 De
324 2118 391 2178 loco
415 2118 451 2178 ad
474 2134 598 2195 pugnam
621 2117 769 2194 eligendo.
898 2166 907 2186 ,

162 2201 213 2262 III.
255 2202 301 2262 De
323 2205 388 2262 acie
410 2201 576 2261 ordinanda.

161 2287 212 2346 IV.
255 2285 301 2344 De
324 2287 388 2345 acie
409 2284 533 2344 hostium
554 2284 705 2344 turbanda.

176 2369 212 2427 V.
256 2369 301 2427 De
324 2369 443 2429 insidiis.

163 2452 214 2513 VI.
258 2452 304 2511 De
327 2452 483 2511 emittendo
499 2451 600 2528 hoste,
623 2470 660 2512 ne
681 2453 797 2513 clausus
812 2452 956 2531 proelium
972 2469 1011 2511 ex
1029 2453 1135 2532 despe-

302 2536 414 2595 ratione
435 2535 627 2613 redintegret.

151 2621 215 2681 VII.
259 2622 303 2680 De
327 2620 540 2681 dissimulandis
563 2621 705 2681 adversis.

137 2706 215 2767 VIII.
259 2704 304 2765 De
327 2705 505 2765 restituenda
520 2723 575 2783 per
590 2705 779 2764 constantiam
791 2705 865 2763 acie.

178 2790 287 2850 Eorum
300 2788 417 2864 deinde,
439 2807 513 2867 quae
531 2800 599 2867 post
614 2788 884 2873 proeliumagenda
900 2796 976 2864 suut,
1000 2787 1053 2848 has
1071 2806 1138 2849 esse

94 2876 211 2953 species
233 2873 466 2934 existimaverim.

118 2979 125 2991 ·
164 2959 214 3020 IX.
259 2958 289 3017 Si
311 2975 360 3016 res
377 2975 521 3037 prospere
539 2959 679 3034 cesserit,
697 2956 734 3016 de
751 2955 982 3016 consummandis
1004 2955 1137 3034 reliquiis

300 3040 382 3101 belli.

179 3123 217 3184 X.
259 3126 290 3185 Si
313 3145 361 3185 res
384 3127 482 3187 durius
502 3126 642 3200 cesserit,
663 3124 700 3184 de
722 3125 854 3185 adversis
877 3121 1079 3183 emendandis.

166 3207 216 3270 XI.
259 3211 304 3270 De
329 3210 482 3271 dubiorum
504 3211 604 3270 animis
628 3211 656 3268 in
678 3209 734 3269 iide
753 3207 922 3269 retinendis.

151 3291 214 3352 XII.
260 3295 342 3368 Quae
365 3294 498 3355 facienda
521 3295 577 3352 sint
596 3311 651 3372 pro
674 3294 797 3368 castris,
824 3293 849 3351 si
872 3293 942 3350 satis
966 3290 1093 3352 fiduciae
1113 3293 1139 3352 in

301 3378 503 3457 praesentibus
527 3379 619 3458 copiis
639 3395 697 3438 nou
718 3377 885 3439 habeamus.

137 3459 214 3523 xlll.
257 3462 302 3523 De
327 3462 504 3540 effugiendo.
