2438 3848
193 157 534 207 snennncnunrrcon
549 144 623 206 hus.
638 159 673 212 11.
698 158 773 207 cue.
797 159 937 211 vnn-x,
1070 148 1110 208 55

153 313 182 373 5.
227 312 371 373 Domitius
395 309 542 388 Corbulo,
566 332 630 375 curn
653 314 891 399 Tigranocertam
909 315 1060 375 obsideret
1081 325 1111 376 et

63 397 197 459 Armenii
214 399 403 476 pertinaciter
417 398 587 458 viderentur
604 399 755 458 toleraturi
773 400 970 476 ohsidionem,
993 402 1022 459 in
1033 400 1110 460 Vad-

64 483 172 543 vadum
196 482 347 560 quemdam
370 500 407 540 ex
424 480 635 558 Megistanibns
656 501 731 562 quos
757 493 878 563 ceperat
900 485 1110 563 animadvertit,

65 576 214 645 caputque
235 568 297 625 eius
320 565 435 625 ballista
458 583 612 626 excussum
634 568 706 627 intra
723 570 894 628 munimenta
917 568 1041 627 hostium
1060 569 1110 626 mi·

65 654 112 711 sit.
160 650 193 710 ld
221 650 298 710 lortc
328 649 465 709 decidit
457 668 485 708 m
513 643 637 710 medium
660 653 830 728 concilium,
864 653 941 730 quod
964 661 1022 710 tum
1046 670 1110 711 cnm

64 736 190 794 maxime
209 732 355 793 habebant
374 733 507 794 barbari:
532 734 567 795 ad
586 732 669 811 cuius
686 746 875 815 conspectum
893 736 974 796 velut
993 745 1110 796 ostento

66 819 245 879 consternati
268 817 304 877 ad
325 817 501 877 deditionem
516 818 736 880 festinaverunt.

153 902 184 970 6.
229 901 435 961 Hermocrates
465 903 682 977 Syracusanus,
707 905 852 981 superatis
873 907 937 965 acie
959 903 1110 981 Carthagi·

65 986 232 1061 niensibus,
261 986 371 1045 veritus
399 1005 435 1045 nc
469 988 593 1064 captivi,
622 986 922 1067 qnorumqinge'ntem
948 1007 1061 1048 manum
1083 989 1112 1046 iu

66 1079 245 1152 potestatem
270 1070 445 1170 redegerat,
473 1088 573 1148 parum
601 1068 1010 1147 diligenter³cnstodirentum
1034 1072 1112 1169 quod

68 1165 192 1216 eventus
214 1155 435 1214 dimicationis'
427 1173 455 1213 m
478 1155 580 1232 epulas
602 1165 631 1215 et
652 1157 838 1214 securitatem
855 1154 1036 1234 compellere
1051 1158 1110 1215 vic·

67 1250 150 1301 tores
173 1247 309 1317 poterat,
332 1239 413 1298 iunxit
439 1239 569 1316 proxima
594 1247 681 1298 nocte
707 1240 864 1317 equitatum
887 1239 1023 1299 hostilem
1042 1258 1111 1298 ven·

66 1335 169 1384 turum.
216 1323 279 1396 Qua
300 1324 524 1401 exspectatione
545 1323 700 1383 adsecutus
722 1333 782 1399 est,
807 1332 843 1402 ut
858 1324 946 1383 solito
968 1324 1112 1384 adtentius

66 1408 187 1487 vigiliae
210 1416 377 1483 agerentur.
449 1412 452 1417 ’

154 1494 184 1552 7.
228 1489 323 1566 ldem,
343 1490 431 1551 rebus
449 1504 593 1570 prospere
612 1493 723 1569 gestis,
744 1501 773 1551 et
796 1490 833 1553 oh
854 1490 881 1551 id
899 1492 1036 1551 resolutis
1052 1493 1112 1551 suis

67 1579 96 1636 in
120 1576 233 1635 nimiam
256 1577 442 1635 securitatem
463 1592 622 1657 somnoque
652 1586 680 1636 et
708 1595 789 1636 mero
809 1578 937 1656 pressis,
966 1578 995 1635 ἰιι
1018 1585 1113 1635 castra

66 1661 195 1720 hostium
207 1659 384 1735 transfugam
400 1660 493 1735 misit,
513 1662 562 1739 qui
582 1662 807 1739 praetenderet,
826 1679 859 1721 se
878 1660 946 1737 iuga
966 1660 1112 1739 elapsum;

69 1746 228 1824 dispositas
251 1745 326 1802 anim
339 1742 445 1821 ubique
462 1761 478 1802 a
496 1746 688 1820 Syracusanis
706 1747 839 1805 insidias:
864 1762 953 1821 quare
972 1763 1009 1803 ne
1026 1753 1113 1804 noctu

69 1831 239 1907 reciperent
262 1830 364 1887 aciem.
409 1827 470 1903 llli,
500 1828 635 1888 luxuum
661 1830 846 1904 adventaret,
867 1831 1017 1906 persecuti
1038 1830 1114 1889 viam

67 1917 97 1973 in
121 1914 218 1973 iussas
241 1911 413 1972 deciderunt
437 1919 466 1970 et
488 1928 525 1972 eo
547 1913 634 1972 modo
657 1914 726 1972 victi
747 1921 820 1972 sunt.

485 2078 635 2140 CAPUT
664 2078 700 2138 Χ.
743 2102 750 2117 ·

68 2212 102 2260 ει
128 2210 193 2258 aas
224 2209 354 2258 nnnrns
384 2209 567 2274 unssnnrn,
597 2210 654 2285 nn,
673 2206 844 2258 nnvnnsrs
873 2208 1114 2283 nnnnnnnnrs.

157 2332 186 2395 1.
231 2330 264 2389 T.
287 2330 389 2392 Didius
411 2333 440 2390 in
456 2331 611 2410 Hispania,
635 2350 699 2390 cnm
718 2333 860 2392 acerrimo
876 2333 991 2411 proelio
1015 2332 1114 2393 conili-

70 2417 167 2475 xisset
188 2415 266 2492 quod
292 2433 351 2475 nox
376 2416 547 2493 diremerat,
574 2434 679 2494 magno
709 2434 828 2476 numero
853 2419 996 2497 utrimque
1026 2434 1114 2476 caeso

70 2498 223 2578 complura
252 2518 369 2559 snorum
396 2518 522 2579 corpora
551 2502 624 2560 intra
651 2511 769 2561 noctem
798 2501 970 2600 sepelienda
993 2502 1113 2560 curarit.
1184 2560 1187 2569 ,

69 2584 192 2662 Hispani
215 2594 336 2662 postera
364 2584 410 2644 die
433 2586 470 2645 ad
499 2586 592 2644 simile
616 2573 743 2645 oiireium
764 2586 935 2665 progressi,
959 2586 1025 2664 quia
1052 2586 1114 2663 plu-

70 2687 121 2727 res
146 2686 184 2726 ex
206 2669 335 2746 ipsorum
354 2687 473 2729 numero
492 2687 577 2747 quam
593 2687 634 2731 ex
652 2669 789 2731 llomanis
805 2688 910 2730 caesos
932 2668 1115 2748 repererant,
1184 2701 1188 2710 ,

69 2754 167 2812 victos
195 2771 227 2811 se
259 2771 326 2812 esse
356 2753 514 2814 secundum
539 2772 602 2813 eam
627 2753 884 2814 dinumerationem
913 2755 1115 2832 argumentati,

70 2837 108 2897 ad
133 2837 316 2896 conditiones
335 2838 520 2916 imperatoris
542 2838 767 2897 descenderunt.

158 2919 188 2979 2.
233 2920 264 2980 h.
288 2919 413 2981 Marcius
436 2940 528 3002 eques
550 2920 716 2996 Romanus,
745 2923 794 3000 qui
816 2919 949 3001 reliquiis
969 2925 1116 2984 exercitus

70 3006 192 3065 duorum
217 3006 385 3084 Scipionum
413 3007 557 3085 praefuit,
585 3024 650 3065 cum
675 3005 704 3064 in
728 3007 898 3084 propinquo
928 3007 994 3068 bina
1021 3018 1116 3069 castra

10 3095 15 3119 '
70 3089 235 3149 Poenorum
274 3091 376 3167 paucis
414 3091 529 3151 milibus
571 3108 706 3168 passuum
744 3089 907 3165 distarent,
947 3093 1117 3153 cohortatus

69 3174 179 3233 milites
213 3175 346 3251 proxima
378 3185 473 3234 castra
506 3176 679 3252 intempesta
713 3183 800 3235 nocte
836 3174 956 3236 adortus
991 3187 1052 3250 est;
1088 3187 1117 3237 et

71 3276 137 3317 cum
172 3258 286 3317 hostem
318 3258 598 3319 victoriae-fiducia
630 3260 853 3336 incompositum
885 3261 1044 3338 adgressus
1079 3279 1116 3320 ne

70 3342 187 3401 nuntios
211 3343 326 3421 quidem
350 3344 442 3413 cladis
469 3343 654 3421 reliquisset,
682 3344 854 3404 brevissimo
879 3354 1012 3425 tempore
1035 3346 1116 3405 militi

71 3426 108 3486 ad
130 3428 262 3505 requiem
280 3428 365 3507 dato,
385 3427 488 3494 eadem
506 3438 594 3489 nocte
614 3430 718 3508 raptim
735 3413 838 3490 lamam
856 3432 899 3490 rei
914 3439 1124 3504 gestarem-
