2438 3848
18 234 24 245 „
89 148 129 210 88
418 157 493 208 sax.
521 158 610 208 rucrr
632 158 801 207 nnonrrnr

88 331 193 392 equum
216 298 244 371 in
268 313 369 373 orbem
392 312 487 381 dexit;
508 310 613 373 deinde
633 330 698 373 cum
715 315 809 373 omnia
826 331 894 373 csse
915 313 1022 373 iblesta
1045 315 1134 376 vidis·

88 407 151 471 set,
175 405 311 474 precatus
333 397 407 457 deos
422 399 449 456 in
464 397 576 457 medios
598 397 701 457 hostes
721 398 839 477 irrupit;
861 397 965 475 quibus
984 397 1134 476 inopinata

88 481 208 541 audacia
229 481 392 560 perculsis,
414 481 517 541 ducem
535 497 652 560 quoque
670 498 769 540 eorum
790 481 944 541 trucidavit
961 489 1060 560 atque,
1084 482 1133 542 ubi

86 583 156 644 spes
178 565 278 624 salutis
301 566 350 623 vix
373 565 576 643 superfuerat,
608 565 673 625 inde
698 567 794 645 opima
816 564 917 625 retulit
938 566 1055 650 spolia..

168 648 200 708 ’5.
245 645 275 706 L.
299 647 431 723 Paullus,
461 649 567 709 amisso
596 648 631 709 ad
656 647 769 709 (lannas
796 649 944 723 exercitu,
975 648 1132 709 obterente

87 750 192 811 equum
214 730 335 790 Lentulo
363 748 420 810 quo
443 730 576 808 fugeret,
599 750 759 812 superesse
776 731 859 792 'cladi
881 748 1052 812 quamquam
1074 749 1133 793 non

86 834 141 894 per
168 817 261 894 ipsum
285 824 453 875 contractae
476 816 586 892 noluit,
607 816 662 876 sed
684 817 711 876 in
734 833 771 876 eo
794 832 884 892 saxo,
908 817 954 876 cui
976 834 1009 876 se
1028 816 1131 877 vulne·

85 907 164 958 ratos
193 897 407 977 adclinaverat,
434 899 582 979 persedit,
612 899 707 960 donec
740 900 776 960 ab
802 899 935 961 hostibus
969 900 1132 980 obpressus

86 981 305 1043 confoderetur.

172 1066 201 1127 6.
241 1065 335 1127 Varro
360 1067 477 1145 collega
496 1067 559 1126 eius
581 1065 630 1126 vel
651 1068 762 1127 maiore
779 1068 939 1127 constantia
962 1075 1030 1145 post
1052 1084 1131 1127 eam-

86 1152 152 1212 dem
175 1150 289 1212 cladem
310 1152 399 1228 vixit,
427 1153 598 1230 gratiaeque
622 1152 650 1210 ei
672 1149 709 1211 ab
733 1159 834 1210 senatu
856 1159 886 1210 et
908 1151 1021 1228 populo
1045 1161 1130 1212 actae

86 1243 166 1310 sunt,
191 1235 269 1314 quod
291 1252 348 1295 non
370 1235 561 1315 desperasset
582 1234 801 1315 rempublicam.
846 1232 912 1294 Non
934 1243 1029 1295 autem
1052 1236 1132 1295 vitae

86 1320 244 1397 cupiditate
265 1320 319 1380 scd
338 1319 521 1399 reipublicae
541 1336 640 1378 amore
656 1337 688 1378 se
708 1317 890 1397 superfuisse
913 1319 1027 1397 reliquo
1050 1328 1131 1379 aeta·

84 1405 122 1462 tis
146 1421 216 1462 suae
231 1410 363 1482 tempore
379 1402 567 1480 adprobavit:
587 1420 652 1462 nam
672 1411 700 1462 et
714 1401 834 1462 barbam
851 1401 1045 1481 capillumque
1062 1402 1131 1462 sub·¹

84 1486 161 1544 misit
191 1494 220 1544 et
249 1495 353 1564 postea
378 1503 531 1563 numquam
558 1485 703 1546 recubans
729 1485 825 1545 cibum
849 1487 942 1563 cepit;
967 1484 1131 1547 bonoribus

86 1585 219 1647 quoque,
251 1587 315 1628 cum
343 1570 370 1627 ei
396 1567 581 1629 deferrentur
609 1586 625 1628 a
656 1569 784 1649 populo,
815 1569 989 1630 renuntiavit
1016 1570 1130 1647 dicens,

84 1650 267 1711 felicioribus
288 1651 503 1728 magistratibus
523 1651 704 1731 reipublicae
727 1670 801 1732 opus
826 1672 904 1712 esse.

171 1738 200 1796 7.
243 1735 433 1814 Sempronius
452 1734 613 1796 Tuditanus
643 1746 674 1796 et
693 1735 745 1801 Cn.
768 1735 906 1797 Octavius
929 1735 1035 1796 tribuni
1057 1738 1131 1797 mili·

85 1829 160 1895 tum,
186 1819 319 1879 omnibus
340 1819 412 1878 lusis
436 1820 471 1879 ad
495 1816 692 1880 Gannascum
715 1822 743 1880 in
763 1819 922 1879 minoribus
946 1821 1050 1879 castris
1074 1823 1130 1880 cir·

87 1903 343 1979 cumsederentur,
366 1912 518 1962 suaserunt
538 1903 797 1978 commilitonibus,
820 1905 998 1981 stringerent
1012 1903 1130 1981 gladios

85 1997 116 2047 et
140 2005 195 2065 per
219 1987 344 2047 bostium
370 1987 516 2066 praesidia
545 1996 731 2066 erumperent
760 2004 875 2062 secum,
907 1988 935 2046 id
964 1986 1020 2046 sibi
1044 1989 1130 2047 animi

85 2088 170 2147 esse,
195 2071 306 2130 etiamsi
325 2071 432 2131 nemini
447 2071 483 2131 ad
501 2072 707 2150 erumpendum
723 2070 843 2132 audacia
863 2078 961 2146 esset,
977 2070 1130 2131 adfirman-

85 2164 141 2214 tes.
183 2155 229 2214 De
260 2154 469 2216 cunctantibus·
488 2154 778 2215 duodecimomnino
801 2154 963 2233 equitibus,
988 2155 1130 2233 quinqua·

85 2240 165 2316 ginta
187 2239 351 2316 peditibus,
384 2240 432 2317 qui
453 2239 585 2299 comitari
609 2240 819 2316 sustinuerant,
848 2239 993 2317 repertis,
1016 2238 1130 2299 incolu-

83 2340 148 2381 mes
169 2319 322 2381 Ganusium
343 2331 550 2401 pervenerunt.

170 2405 199 2466 8.
245 2405 278 2468 Τ.
302 2403 441 2465 Fonteius
463 2406 577 2483 legatus
599 2407 628 2465 in
645 2405 800 2484 Hispania,
821 2424 885 2465 cum
905 2404 998 2466 tribus
1013 2404 1131 2465 milibus

84 2489 230 2549 bominum
258 2488 425 2566 praedatum
453 2490 606 2568 profectus
633 2490 761 2569 locoque
787 2490 886 2568 iniquo
914 2491 1131 2550 circumventus

84 2573 121 2634 ab
142 2572 340 2649 Hasdrubale,
367 2573 403 2634 ad
420 2574 531 2652 primos
550 2581 657 2634 tantum
672 2575 792 2635 ordines
810 2575 906 2634 relato
922 2572 1064 2649 consilio,
1087 2575 1129 2632 in·

85 2659 212 2736 cipiente
236 2667 342 2735 nocte,
365 2674 423 2738 quo
443 2667 577 2738 tempore
598 2659 714 2719 minime
730 2657 976 2738 exspectabatur,
1001 2673 1057 2737 per
1071 2665 1129 2716 ata·

83 2744 181 2802 tiones
204 2742 329 2802 hostium
351 2744 456 2822 erupit.

169 2825 199 2886 9.
241 2825 273 2886 Ρ.
299 2823 426 2900 Decius,
451 2823 582 2884 tribunus
606 2823 726 2883 militum
751 2823 831 2884 bello
855 2823 1030 2899 Samnitico,
1056 2820 1129 2882 Cor·

84 2909 163 2969 nelio
188 2907 283 2968 Cosso
305 2907 417 2967 consuli
436 2907 541 2983 iniquis
557 2905 633 2965 locis
648 2906 835 2987 deprehenso
853 2906 889 2966 ab
910 2905 1044 2966 hostibus
1064 2923 1129 2963 sua·

84 2994 137 3067 sit,
162 3002 194 3050 ut
216 2993 253 3050 ad
281 2989 480 3066 occupandum
506 2986 630 3064 collem,
654 2991 703 3067 qui
724 2992 753 3046 in
774 2989 940 3067 propinquo
963 2995 1043 3062 erat,
1068 3004 1129 3046 mo·

83 3076 178 3135 dicam
210 3089 323 3130 manum
351 3072 495 3145 mitteret,
530 3088 624 3149 seque
657 3073 762 3131 ducem
795 3073 830 3130 iis
863 3073 912 3150 qui
942 3069 1130 3130 mittebantur

84 3155 197 3216 obtulit.
242 3152 392 3212 Arocatus
411 3153 449 3211 'in
476 3154 622 3214 diversum
644 3154 737 3214 bostis
761 3155 855 3214 emisit
877 3154 1045 3227 consulem,
1069 3152 1128 3212 lle·

85 3240 160 3299 cium
183 3245 277 3296 autem
300 3237 388 3295 cinxit
408 3236 592 3317 obseditque.
636 3235 706 3298 Illas
729 3253 846 3316 quoque
869 3237 1017 3314 angustias
1039 3245 1128 3295 nocte

85 3318 240 3396 eruptione
266 3317 343 3379 facta
373 3338 437 3380 cum
459 3320 603 3383 eluctatus
630 3331 711 3383 esset
733 3320 859 3400 Decius,
886 3319 1039 3382 incolumis
1063 3337 1128 3380 curn

82 3401 221 3465 militibus
240 3403 353 3465 consuli
372 3406 509 3468 accessit.
