2438 3848
83 198 108 247 X
124 214 128 219 ·
520 193 719 245 PRAEFATIO

87 357 151 413 libri
170 355 287 425 varIant,
309 356 412 428 scripsi
427 369 498 411 cam.
509 345 522 432 i)
532 359 574 412 12.
587 353 762 424 tollerentur)
777 349 853 408 Nihil
868 349 1042 408 mutandum.
1071 350 1139 420 „Sic

88 440 209 496 wurdcn
227 439 437 513 suigehoben.“
472 438 595 509 Egregie
611 453 646 492 ee
660 453 707 493 res
719 438 871 495 illustratur
892 452 909 491 a
927 435 1087 492 Plutarcho.

175 523 244 597 Cap.
258 525 331 579 vni.
345 530 373 581 2.
402 522 514 579 Volscos
528 526 554 576 et
571 521 654 593 Aeq.)
676 521 737 578 Liv.
749 522 794 577 111.
818 523 861 581 to.
892 519 978 592 Vutg.
1000 520 1140 576 Hernicos

86 615 112 665 et
126 609 192 682 Aeq.
229 607 309 664 Leid.
323 622 366 678 pr.
382 606 492 678 Aequos
511 610 618 660 tantum
630 606 763 675 nominat,
780 610 863 675 atque
876 610 973 661 contra
988 620 1038 659 eos
1052 604 1138 676 impe·

84 694 160 751 ravit
180 692 318 764 Agrippa.
340 683 353 767 i)
376 693 402 748 3.
420 688 574 757 Quinctius)
588 688 768 760 Capitulinus,
782 688 868 760 quod
884 687 1014 757 additur,
1034 687 1136 744 delevi.

87 775 128 832 CI.
145 776 191 830 Ili.
208 781 234 843 l,
251 781 277 834 1.
304 774 380 829 Intra
401 774 512 830 Volscos
529 773 638 828 restitui
658 791 710 846 pro
724 775 859 831 Faliscos.
899 771 1006 827 Eadem
1025 758 1139 844 permis·

84 860 151 914 tatio
172 859 201 913 in
215 859 346 929 exemplo
360 862 387 917 8.
425 856 465 916 CI.
477 858 537 913 Liv.
549 856 599 918 IV.
611 860 657 916 46.
715 866 723 879 ¹

172 939 301 1014 CeplX.
318 948 343 1000 l.
363 943 559 1010 intervenerat)
585 941 626 996 lta
648 939 779 1010 Gronov,
802 957 855 1013 pro
877 942 1104 995 circumvenerat.
1122 929 1144 1016 ΙΙ

85 1030 113 1083 2.
130 1024 235 1099 fratris
246 1028 341 1096 ocasr)
363 1027 404 1081 Ite
418 1026 498 1081 LcId.
512 1042 569 1082 sec.
586 1030 614 1079 et
627 1023 724 1081 Sanut.
747 1024 852 1082 Ceteri:
874 1040 940 1079 nam
951 1022 1046 1095 frater
1064 1023 1140 1099 occi3

85 1125 135 1167 sus
150 1115 222 1166 erut.
257 1108 386 1182 Sequens
399 1111 571 1165 aduentantis
587 1110 692 1165 mutavi
710 1108 935 1165 iaaduentandi.
945 1100 964 1186 ΙΙ
979 1113 1004 1166 5.
1027 1106 1138 1163 Vadae-

85 1195 165 1264 dum)
184 1195 320 1251 restituis
335 1195 464 1267 plurimis
479 1195 569 1249 libris.
614 1192 654 1247 De
669 1191 865 1265 Mepistanibus
879 1194 914 1246 cI.
936 1191 1053 1248 Forcell.
1067 1191 1137 1244 Lex.

85 1279 174 1351 Vulg.
195 1281 225 1335 in
245 1280 389 1351 quemdum
404 1294 442 1334 erc
457 1276 627 1350 Mepistunis.
653 1267 666 1356 Η
691 1281 716 1336 6.
732 1276 875 1348 Gortuae.)
905 1274 996 1331 Etiam
1013 1290 1077 1329 cum
1092 1272 1138 1331 his

85 1361 283 1418 Hermocrates
295 1379 354 1417 rem
370 1362 468 1433 gessit.
499 1360 614 1416 Diodor.
636 1358 708 1414 XIII.
730 1365 775 1419 63.
796 1352 809 1437 Η
826 1362 851 1417 7.
866 1359 996 1430 hostium)
1014 1359 1076 1430 Ipse
1097 1359 1139 1413 in-

86 1445 174 1500 serui.
191 1437 204 1522 ΙΙ
225 1444 437 1516 praetenderet)
459 1444 578 1498 ebonis
605 1444 683 1498 libris
703 1445 821 1514 reposui
820 1464 844 1519 ,·
858 1459 911 1516 pro
931 1448 1138 1515 praemoneret.

86 1525 289 1584 Totumlocum
310 1528 413 1598 partim
427 1526 528 1581 refinxi
548 1542 564 1579 e
584 1526 718 1580 librorum
742 1528 885 1599 vestigiis,
909 1528 1010 1598 partim
1031 1542 1066 1582 ex
1086 1526 1140 1580 Po-

87 1613 184 1684 lyaen.
204 1611 226 1666 l.
247 1614 292 1679 43,
307 1615 344 1680 2.,
369 1609 470 1682 ραῐῐὶιο
492 1609 664 1664 coniectura.
696 1610 784 1682 Vulg.
804 1617 1016 1683 quarummetu
1032 1600 1142 1681 'recepit

88 1697 186 1751 aciem.
200 1694 242 1749 illi
252 1710 335 1766 quum
352 1694 539 1761 adventarent,
557 1695 709 1765 persecuti,
731 1695 760 1749 in
770 1692 867 1767 fassus
886 1696 971 1751 doeid.
989 1701 1043 1750 etc.

175 1775 299 1848 Capxl.
321 1783 348 1835 2.
382 1778 548 1847 Comenses)
570 1777 611 1832 Ite
624 1776 712 1833 Putat.
743 1779 801 1833 Atii
812 1778 993 1847 Chaucenses,
1007 1778 1140 1835 Glaucen-

87 1874 141 1929 ses,
159 1861 312 1918 Consenses
326 1866 379 1916 eto.
413 1859 487 1915 Edd.
500 1861 666 1929 eotaenses,
682 1855 890 1941 Catinienses.)
907 1866 934 1920 3.
949 1865 1141 1931 sumerentur)

87 1960 141 2017 pro
157 1950 300 2000 sumerent
319 1943 415 2016 recepi
429 1960 465 1998 ex
482 1943 548 1999 edd.
565 1961 607 2016 pr.
633 1935 646 2023 i)
659 1949 767 2017 earum)
779 1947 928 2002 Thracum.
953 1948 999 2003 An
1008 1947 1139 2003 subiecta·

88 2033 173 2084 rum?
187 2020 201 2107 Η
220 2034 246 2087 4.
269 2028 469 2099 Bottiaeorum)
499 2028 574 2085 Med.
603 2044 662 2085 sec.
693 2028 831 2087 Vettonum
850 2031 910 2099 (cui
932 2032 1073 2086 simillima
1098 2035 1142 2086 est

89 2115 138 2168 vel
151 2113 334 2183 plurimorum
353 2114 488 2168 librorum
504 2113 586 2168 lectio
607 2113 780 2185 Neciarum).
817 2115 863 2170 An
886 2115 1053 2171 Vettiorum?
1077 2113 1146 2170 [ἰν.

90 2195 175 2253 XLV.
187 2201 237 2255 30:
273 2196 421 2252 Vettiorum
440 2197 595 2252 bellicosam
611 2204 727 2268 pentem.
763 2197 821 2255 Sed
843 2196 919 2253 eliud
935 2199 1011 2253 latet.
1032 2197 1141 2253 Audire

90 2296 154 2334 mus
168 2286 291 2336 veteres.
320 2280 431 2335 Livius:
461 2280 556 2336 Tertia
578 2283 654 2354 repio
678 2282 780 2337 nobiles
800 2280 883 2335 urbes
896 2281 1033 2336 Edessam
1046 2283 1140 2337 etBe·

91 2377 187 2418 roeam
208 2368 234 2418 et
249 2363 356 2419 Pelium
379 2369 407 2419 et
433 2363 581 2420 Vettiorum
602 2365 755 2423 bellicosam
782 2367 897 2436 pentem.
931 2363 1065 2423 Herodot,
1081 2365 1142 2421 VII.

91 2450 157 2505 lte:
178 2443 351 2515 Βοττιαΐδος
367 2441 465 2522 ἔχουσι
479 2434 510 2504 ri
524 2433 607 2524 παρὰ
622 2436 782 2502 θάλασσαν
798 2433 912 2500 στεινὸν
930 2442 1040 2521 χωρίον
1057 2436 1143 2517 πόλις

88 2515 181 2604 Ἰχοαί
193 2547 223 2586 τε
238 2524 289 2586 καὶ
303 2525 415 2586 Πέλλα.
442 2529 542 2587 Strabo
560 2531 618 2586 VII.
641 2531 741 2601 fragm.
751 2535 809 2588 00:
825 2521 928 2585 Πέλλα
945 2523 1003 2586 ἐστὶ
1018 2523 1072 2604 μὲν
1091 2529 1143 2606 τῆς

91 2609 302 2688 Μακεδονίας,
324 2601 364 2689 ἣν
388 2614 539 2671 Βοττιαῖοι
565 2612 708 2687 κατεῖχον.
737 2614 787 2669 HIs
810 2613 881 2668 Inter
910 2629 941 2669 se
962 2612 1142 2687 sumpsistis,

91 2711 150 2751 non
173 2697 294 2768 amplius
317 2698 518 2766 dubitandum,
535 2698 602 2770 quin
625 2702 653 2751 et
674 2697 753 2755 Livio
772 2704 799 2752 et
820 2698 952 2754 FrontIna
975 2699 1142 2756 restituendi

94 2781 151 2836 siut
164 2781 297 2837 Bottiaei.-
313 2782 349 2835 de
365 2783 466 2854 quibus
482 2781 517 2837 cs.
534 2782 595 2838 Liv.
610 2780 711 2836 XXVI.
728 2787 771 2840 25.
787 2783 858 2838 Plio.
870 2784 917 2839 IV.
930 2790 973 2842 11.
987 2775 1001 2862 ΙΙ
1016 2785 1044 2839 in
1057 2797 1144 2856 prae-

92 2866 176 2933 sento)
191 2864 265 2921 Med.
278 2882 321 2936 pr.
335 2871 363 2920 et
377 2865 445 2922 edd.
460 2866 583 2922 italicae.
605 2866 697 2922 Ceteri
713 2868 742 2922 r‘n
753 2869 925 2939 praesentia.
941 2860 959 2945 ΙῘ
970 2870 995 2926 7.
1012 2867 1143 2924 Domitia-

92 2950 159 3017 nus)
175 2964 191 3002 e
213 2949 338 3004 Petrens.
354 2941 368 3027 Η
384 2950 537 3023 Cottorum)
553 2952 677 3021 restitui,
703 2967 755 3024 pra
779 2951 917 3009 Ubiorum.
950 2950 1083 3009 Zeitschr.
1099 2954 1144 3008 iiic

94 3030 204 3086 Alterth
227 3033 253 3086 J.
272 3036 351 3092 1839.
370 3033 404 3088 Η.
414 3033 470 3105 IX.
490 3033 520 3091 S.
533 3039 595 3095 839.

181 3112 250 3185 Cap.
263 3115 323 3172 XII.
348 3123 374 3175 2.
396 3119 503 3190 impar)
532 3118 629 3174 Recte.
661 3119 745 3186 1.10‚
771 3124 801 3176 1=
827 3120 920 3190 impar
942 3121 1070 3193 universo
1088 3117 1143 3176 tto.

93 3199 239 3254 cumcitui.
253 3198 287 3255 ΙΙ.
311 3205 336 3268 1,
362 3205 395 3259 3:
416 3204 510 3273 impar
524 3200 638 3257 ducens.
675 3200 774 3256 Totum
795 3207 966 3274 strategema
988 3202 1062 3258 Oui.
1088 3218 1145 3257 nan

94 3281 245 3351 intellexit,
264 3285 393 3354 neglecto
409 3284 494 3341 huius
517 3285 616 3356 cepitis
630 3291 806 3357 argumento.
843 3286 985 3343 Sertorius
1006 3285 1036 3340 id
1057 3301 1144 3358 agere

95 3363 225 3433 debebat,
240 3372 270 3421 ut
281 3366 414 3424 fiduciam
428 3385 544 3425 suarum
559 3374 687 3441 augeret.
718 3368 777 3424 Sed
787 3375 874 3425 totum
891 3371 1049 3440 exemplum
1061 3369 1146 3425 foede

96 3452 258 3523 corruptum
278 3456 347 3508 erat.
372 3443 387 3531 ΙΙ
412 3456 440 3510 et
452 3454 530 3522 ante)
558 3452 599 3510 Its
613 3458 690 3511 recte
712 3452 788 3510 Med.
809 3469 863 3526 pr,
885 3460 981 3526 praet
1002 3467 1051 3510 eas
1071 3460 1146 3512 nnn.
