2438 3848
195 181 243 228 aa
269 179 387 241 sousa
409 178 582 230 nucrraus
601 180 705 230 umus
723 180 845 230 nonan
866 182 982 232 unaue.
1044 173 1104 234 103

58 355 120 395 rum
144 335 220 395 locis
242 334 441 412 compluribus
457 353 592 413 passuum
612 351 700 404 Dxn;
724 354 816 415 opere
833 346 952 397 arcuato
969 356 1105 416 passuum

58 433 144 480 Deo:
178 420 400 496 adquisitionum
421 419 523 479 ductus
546 421 601 479 rivi
629 420 812 481 subterranei
840 421 969 482 efficiunt
1000 442 1105 502 passus

59 516 209 564 Mocccv.

149 589 198 646 11.
242 586 325 659 Quae
353 589 428 647 ratio
457 589 583 646 moverit
611 587 791 664 Augustum,
821 589 1106 666 providentissimum

58 672 235 749 Principem,
249 671 429 748 perducendi
439 671 608 730 Alsietinam
621 690 734 751 aquam,
744 692 820 751 quae
831 675 1105 753 vocaturAugusta,

59 774 120 815 non
149 757 220 815 satis
243 756 409 833 perspicio,
432 754 540 814 nullius
561 757 690 832 gratiae,
718 759 803 816 immo
827 759 913 817 etiam
936 777 1036 837 parum
1060 778 1104 820 sa·

59 840 192 914 lubrem,
212 839 338 916 ideoque
354 857 493 916 nusquam
515 841 543 898 in
566 858 634 898 usus
652 840 753 919 populi
772 841 922 910 lluentem;
944 844 999 901 nisi
1015 845 1104 920 sorte,

60 942 126 984 curn
155 940 229 1001 opus
257 923 444 983 naumachiae
473 922 700 1000 adgrederetur,
729 943 766 984 ne
796 926 864 1003 quid
892 927 1104 988 salubrioribus

60 1009 144 1087 aquis
160 1007 344 1082 detraheret,
368 1007 443 1066 hanc
457 1009 578 1085 proprio
602 1025 697 1086 opere
713 1009 849 1086 perduxit
871 1018 918 1085 et,
942 1013 1019 1090 quod
1034 1031 1104 1072 nau·

59 1092 194 1151 inachiae
212 1101 354 1169 coeperat
374 1109 550 1169 superesse,
570 1092 662 1151 hortis
684 1092 901 1152 subiacentibus
924 1105 953 1153 et
976 1097 1104 1173 privato·

60 1195 125 1235 rum
153 1175 253 1234 usibus
281 1175 316 1234 ad
339 1177 515 1251 irrigandum
537 1178 694 1235 concessit.
740 1177 824 1235 Solet
845 1186 940 1236 tamen
963 1197 1001 1237 ex
1023 1197 1058 1238 ea
1077 1181 1105 1238 in

61 1259 281 1319 Transtiberina
299 1260 438 1336 regione,
463 1261 597 1339 quotiens
622 1269 727 1338 pontes
749 1261 917 1319 reficiuntur
941 1272 970 1320 et
998 1280 1013 1321 a
1034 1265 1105 1322 cite·

60 1346 142 1403 riore
162 1345 224 1421 ripa
244 1362 337 1422 aquae
362 1353 493 1416 cessant,
521 1362 559 1402 ex
577 1345 756 1403 necessitate
781 1345 810 1402 in
831 1345 990 1404 subsidium
1011 1346 1105 1424 publi·

62 1445 165 1488 corum
180 1429 342 1487 salientium
359 1429 430 1489 dari.
477 1426 648 1507 Concipitur
660 1448 697 1487 ex
710 1428 775 1488 lacu
790 1427 945 1506 Alsietinus,
958 1432 1005 1490 via
1019 1427 1104 1491 Clau·

61 1513 127 1588 dia,
149 1512 271 1571 miliario
293 1526 372 1587 xlv,
395 1512 567 1572 diverticulo
593 1514 764 1572 dextrorsus
786 1532 922 1591 passuum
944 1529 981 1574 VI
998 1515 1106 1574 milium

61 1611 99 1656 1).
144 1595 254 1655 Ductus
286 1598 347 1655 eius
373 1597 461 1657 eflicit
490 1597 697 1674 longitudinem
727 1615 863 1676 passuum
893 1612 969 1658 xxn
998 1600 1106 1658 milium

63 1694 201 1748 CLXXI13
226 1698 318 1758 opere
341 1691 459 1741 arcuato
482 1700 617 1760 passuum
638 1695 797 1742 000001ΠΙ

152 1764 199 1824 12.
244 1765 323 1823 ldem
341 1765 489 1841 Augustus
510 1768 538 1824 in
553 1766 785 1844 supplementum
800 1766 943 1843 Marciae,
970 1769 1105 1846 quotiens

62 1850 213 1908 siccitates
230 1858 351 1925 egerent
367 1850 485 1923 auxilio,
499 1850 583 1907 aliam
598 1868 701 1927 aquam
718 1850 847 1908 eiusdem
863 1850 998 1911 bonitatis
1013 1869 1106 1930 opere

58 1933 256 1991 subterraneo
287 1932 423 2010 perduxit
451 1950 544 2009 usque
568 1933 604 1991 ad
624 1931 750 1991 ldarciae
773 1934 882 2007 rivum,
911 1951 985 2010 quae
1008 1935 1045 1993 ab
1066 1937 1106 1992 in-

61 2026 187 2076 ventore
211 2016 376 2093 adpellatur
391 2014 532 2090 Augusta.
578 2013 714 2073 Nascitur
733 2014 808 2073 ultra
829 2016 940 2074 iontem
961 2015 1105 2076 Marciae:

63 2103 146 2161 cuius
168 2100 287 2173 ductus,
312 2098 406 2158 donec
426 2098 552 2158 Marciae
574 2099 714 2172 accedat,
738 2098 829 2157 eflicit
850 2116 954 2176 passus
974 2113 1075 2164 Doce.

153 2184 202 2242 13.
249 2183 318 2240 Post
346 2181 400 2241 hos
422 2180 455 2242 C.
481 2180 607 2256 Caesar,
639 2183 687 2259 qui
710 2180 828 2241 Tiberio
851 2185 1013 2258 successit,
1042 2201 1108 2242 cum

62 2286 167 2348 parum
186 2264 342 2344 epublicis
359 2266 458 2325 usibus
476 2275 505 2325 et
520 2268 639 2344 privatis
653 2266 850 2345 voluptatibus
872 2274 985 2345 septem
1004 2268 1108 2327 ductus

63 2370 203 2431 aquarum
234 2351 371 2410 sufficere
397 2351 582 2426 viderentur,
614 2351 707 2410 altero
737 2352 850 2430 imperii
880 2354 925 2411 sui
952 2369 1044 2428 anno,
1068 2351 1106 2411 Μ.

62 2437 183 2514 Aquilio
206 2435 334 2510 Iuliano,
364 2435 394 2494 P.
421 2435 506 2495 Nono
530 2435 695 2513 Asprenate
719 2436 907 2512 consulibus,
930 2456 1005 2496 anno
1028 2436 1108 2496 urbis

64 2507 434 2596 cenditaflconxxxlx,
451 2521 524 2580 duos
542 2520 644 2579 ductus
658 2520 820 2581 inchoavit:
839 2521 917 2599 quod
933 2539 1008 2600 opus
1022 2520 1107 2581 Clau-

65 2607 130 2665 dius
157 2605 440 2680 magnificentissime
475 2607 684 2664 consummavit
715 2605 937 2683 dedicavitque,
968 2607 1049 2665 Sulla
1079 2614 1108 2664 et

66 2689 181 2748 'litiano
201 2688 385 2763 consulibus,
409 2706 483 2747 anno
514 2699 581 2767 post
606 2688 708 2748 urbem
731 2690 875 2747 conditam
897 2700 1029 2747 0000111
1051 2688 1108 2746 na-

64 2773 161 2833 lendis
177 2771 326 2847 Augustis.
368 2770 462 2830 Alteri
482 2790 603 2848 nomen,
626 2790 701 2849 quae
726 2791 764 2831 ex
785 2770 914 2829 fontibus
937 2770 1063 2830 Caerulo
1080 2781 1110 2830 et

66 2855 167 2916 Curtio
198 2854 431 2933 perducebatur,
464 2853 603 2915 Claudiae
632 2856 737 2915 datum.
783 2855 864 2913 Haec
892 2853 1021 2914 bonitate
1040 2872 1108 2932 pro·

65 2943 142 3001 xima
171 2949 215 2999 cst
237 2938 374 3002 llarciae.
418 2939 536 3014 Altera,
561 2942 695 3016 quoniam
717 2939 791 2998 duae
814 2937 935 2996 Anionis
957 2939 985 2997 in
1007 2939 1108 2998 urbem

67 3043 160 3102 aquae
192 3024 283 3082 liuere
308 3032 484 3099 coeperant,
514 3033 544 3082 ut
566 3024 679 3082 facilius
703 3021 949 3101 appellationibus
974 3022 1107 3084 dinosce-

67 3118 182 3183 rentur,
211 3109 287 3167 Anio
315 3107 408 3165 Vetus
439 3108 560 3165 vocitari
597 3109 705 3183 coepit.
756 3105 838 3165 Alias
867 3117 967 3170 omnes
1003 3110 1107 3187 perdit.

67 3193 160 3253 Priori
182 3193 286 3251 Anioni
310 3200 533 3266 cognomentum
549 3190 669 3249 Veteris
691 3191 845 3249 adiectum.

156 3279 203 3336 ll.
246 3274 366 3335 Claudia
399 3275 562 3351 concipitur
593 3276 640 3332 via
668 3273 857 3351 Sublacensi,
889 3275 924 3334 ad
958 3276 1109 3335 miliarium

68 3374 224 3435 xxxvffl,
249 3359 422 3420 diverticulo
446 3358 631 3416 sinistrorsus
645 3358 718 3418 intra
737 3377 841 3436 passus
861 3372 940 3434 000,
965 3377 1002 3418 ex
1024 3360 1109 3417 lonti-

69 3445 123 3505 bus
141 3444 253 3505 duobus
276 3443 460 3524 amplissimis
488 3450 517 3502 et
538 3443 702 3522 speciosis,
725 3441 868 3520 Caerulo,
898 3444 984 3522 quia
1011 3441 1109 3500 simili·
