2438 3848
86 168 127 227 44
422 178 498 228 sux.
520 180 610 228 mun
628 181 797 230 unonrnu

87 333 189 395 consul
211 343 241 393 et
262 334 381 394 adortus
399 343 510 394 temere
535 344 563 394 et
583 336 747 408 insecutus,
768 334 894 395 ieiunum
916 337 1078 396 exercitum
1103 339 1132 396 iu'

85 419 209 479 maximo
236 418 347 495 frigore
375 419 495 478 transitu
524 417 646 477 dominis
675 418 827 494 rigelecit:
854 435 923 479 mcx
949 429 1072 498 torpore
1101 429 1132 480 et

85 502 181 562 inedia
202 502 326 562 adiectis
347 501 490 561 Hannibal
510 520 591 561 suum
613 501 731 561 militem
756 501 908 581 obposuit,
938 522 1025 581 quem
1047 504 1131 564 adid

9 588 17 603 ¹
87 585 202 663 ignibus
225 585 354 663 oleoque
376 592 405 644 et
427 584 495 644 cibo
512 584 637 646 foverat.
682 584 746 644 Nec
768 586 860 645 defuit
878 586 1009 664 partibus
1028 586 1129 664 Mago,

87 672 155 747 quin
179 678 262 747 terga
288 669 413 728 hostium
435 671 463 727 in
485 668 543 728 lroo
565 671 713 729 ordinatus
736 670 886 729 caederet.

150 751 221 812 .24.
266 751 346 811 Idem
370 751 406 811 ad
429 751 645 828 Trasimenum,
673 769 737 811 cum
764 762 826 813 arta
853 754 994 831 quaedam
1023 754 1071 812 via
1101 755 1130 812 in

85 836 185 896 radice
207 836 310 894 montis
330 837 359 894 in
381 853 501 913 campos
523 845 657 913 patentes
678 836 815 912 duceret,
834 838 967 897 simulata
986 836 1056 913 fuga
1075 855 1130 915 per

86 919 234 996 angustias
262 919 298 979 ad
325 921 453 998 patentia
481 922 575 980 evasit
597 920 695 997 ibique
726 929 821 980 castra
846 923 961 998 posuit,
984 938 1020 980 ao
1040 930 1129 980 noete

85 1003 235 1081 dispositis
263 1003 419 1079 militibus,
450 1009 479 1061 et
501 1021 555 1081 per
576 1004 683 1063 collem
702 1005 749 1081 qui
768 1004 933 1063 imminebat
957 1012 987 1062 et
1007 1005 1036 1062 in
1056 1004 1128 1064 late-

27 1129 29 1133 <
84 1087 164 1146 ribus
189 1088 384 1164 angustiarum
406 1087 496 1165 prima
517 1087 600 1161 luce,
625 1086 730 1147 nebula
751 1104 869 1166 quoqne
888 1089 1018 1162 adiutus,
1034 1090 1129 1147 aciem

86 1171 202 1231 direxit.
247 1170 421 1245 Flaminius,
440 1171 522 1230 velut
540 1171 699 1248 fugientem
718 1173 877 1249 insequens
897 1190 960 1231 oum
980 1173 1129 1248 angustias

86 1263 167 1315 esset
193 1255 361 1331 ingressus,
390 1272 448 1313 nou
471 1264 538 1314 ante
566 1256 693 1333 providit
718 1255 854 1330 iusidias,
884 1273 968 1333 quam
998 1254 1084 1314 simul
1112 1274 1128 1315 a

84 1340 199 1412 fronte,
226 1338 384 1412 lateribus,
408 1348 494 1416 tergo
520 1339 712 1398 circumtusus
742 1339 778 1400 ad
808 1340 1040 1399 internecionem
1064 1357 1128 1413 cupr

85 1424 217 1482 exercitu
239 1422 421 1482 caederetur.

170 1504 221 1564 25.
266 1504 346 1563 ldem
358 1503 499 1564 Hannibal
518 1505 659 1564 adversus
678 1504 715 1565 Μ.
728 1505 838 1566 lunium
850 1507 1021 1567 dictatorem
1038 1515 1127 1566 nocte

85 1590 258 1666 intempesta
277 1589 425 1646 sexcentis
448 1588 592 1666 equitibus
613 1589 783 1666 imperavit,
804 1600 835 1650 ut
851 1594 880 1649 in
902 1591 1004 1670 plures
1020 1598 1128 1649 turmas

84 1672 234 1750 segregati
262 1688 316 1748 per
346 1672 428 1730 vices
458 1673 520 1730 sine
546 1673 759 1732 intermissione
783 1676 860 1734 circa
884 1682 979 1734 castra
1002 1672 1128 1733 hostium

85 1775 119 1816 se
143 1762 331 1815 ostentarent.
376 1754 419 1814 lta
443 1763 503 1814 tota
525 1764 613 1815 nocte
635 1755 773 1816 Romanis
796 1759 824 1817 in
846 1758 925 1819 vallo
945 1758 1070 1835 statione
1093 1774 1128 1816 ae

84 1841 199 1919 pluvia,
226 1857 300 1917 quae
327 1838 405 1898 forte
431 1840 564 1899 continua
587 1840 701 1915 iuerat,
724 1842 889 1919 inquietatis
911 1839 1127 1918 coniectisque,

84 1942 149 1983 oum
169 1924 303 2001 receptui
330 1925 442 2000 signum
464 1925 519 1982 iam
538 1922 634 1983 lunius
657 1924 804 2002 dedisset,
827 1923 968 1986 Hannibal
988 1940 1059 1984 suos
1080 1943 1127 1985 re-

85 2009 202 2086 quietos
226 2008 325 2068 eduxit
347 2016 376 2067 et
397 2017 492 2068 castra
515 2010 578 2067 eius
601 2009 714 2067 invasit.

168 2092 219 2154 26.
264 2091 477 2168 Epaminondas
504 2091 659 2152 Thebanus
689 2095 717 2152 in
740 2092 872 2153 eumdem
898 2092 1030 2167 modum,
1062 2110 1127 2152 num

81 2175 305 2237 Lacedaemonii
334 2177 369 2237 ad
389 2175 517 2235 lstbmon
540 2175 620 2235 vallo
643 2176 730 2236 ducto
752 2176 987 2255 Peloponnesum
1009 2185 1126 2235 tueren-

83 2269 145 2334 tur,
167 2277 326 2338 paucorum
352 2277 445 2336 opera
472 2260 546 2319 levis
577 2268 737 2319 armaturae
766 2268 825 2318 tota
851 2270 938 2319 nocte
957 2261 1128 2336 inquietavit

83 2341 212 2409 hostem;
235 2361 270 2402 ac
287 2343 392 2402 deinde
413 2343 505 2420 prima
525 2343 590 2401 luce
612 2345 726 2403 vocatis
749 2345 826 2417 suis,
850 2362 914 2403 cum
929 2343 1126 2404 Lacedaemo·

83 2427 123 2484 nii
144 2444 177 2484 se
200 2426 400 2504 recepissent,
429 2424 524 2484 subito
544 2428 708 2496 universum
730 2428 909 2504 exercitum,
936 2444 1022 2504 quem
1045 2428 1126 2505 quie·

82 2519 141 2569 tum
163 2508 322 2584 babuerat,
345 2509 471 2568 admovit
490 2516 519 2568 et
536 2527 591 2587 per
605 2512 669 2588 ipsa
686 2513 876 2588 munimenta,
900 2510 1038 2571 destituta
1057 2529 1125 2591 pro·

84 2593 309 2672 pugnatoribus,
331 2593 447 2670 inrupit.

144 2713 155 2732 .
168 2674 219 2737 27.
263 2675 421 2750 Hannibal,
439 2676 550 2736 directa
567 2678 631 2736 acie
644 2678 679 2737 ad
692 2677 823 2754 Cannas,
840 2688 999 2738 sexcentos
1011 2677 1126 2756 equites

83 2758 220 2820 Numidas
242 2759 427 2836 transfugere
452 2762 551 2835 iussit,
582 2761 630 2838 qui
653 2763 689 2823 ad
716 2764 803 2823 iidem
825 2762 988 2822 faciendam
1009 2760 1127 2839 gladios

77 2854 113 2904 et
135 2853 217 2904 scuta
240 2845 348 2902 nostris
370 2845 564 2905 tradidemnt:
595 2844 648 2905 sed
671 2848 700 2906 in
721 2847 850 2907 ultimum
873 2864 977 2924 agmen
999 2845 1127 2923 recepti,

82 2927 133 2987 ubi
148 2929 270 3007 primum
289 2929 423 2987 concurri
446 2930 560 3007 coepit,
589 2930 697 2988 strictis
719 2931 876 2990 minoribus
899 2947 974 3008 qnos
994 2929 1127 2991 occulta·

82 3022 185 3071 verant
203 3011 326 3089 gladiis,
347 3013 437 3072 scutis
458 3013 612 3073 iacentium
636 3014 790 3090 adsumtis,
816 3012 1010 3074 Romanorum
1032 3014 1128 3073 aciem

83 3096 262 3156 oeciderunt.

169 3177 219 3238 28.
263 3178 390 3257 lapydes
408 3179 439 3238 P.
455 3179 564 3240 Licinio
586 3179 756 3258 proconsuli
776 3197 908 3259 paganos
929 3198 1049 3259 quoquo
1071 3180 1127 3240 sub

85 3264 187 3341 specie
208 3262 361 3323 deditionis
384 3263 571 3340 obtulerunt,
584 3264 633 3342 qui
648 3264 764 3342 recepti
786 3267 865 3324 etin
887 3274 1037 3344 postrema
1060 3266 1126 3325 acia

84 3347 231 3407 conlocati
252 3356 336 3424 terga
358 3346 553 3408 Romanorum
572 3348 751 3407 ceciderunt.

170 3429 220 3492 29.
266 3431 561 3511 ScipioAfricanus,
593 3448 657 3491 cum
679 3431 803 3493 adversa
828 3430 953 3494 baberet
977 3432 1045 3494 bina
1072 3431 1126 3495 lto·
