2438 3848
107 185 147 246 76
417 176 513 246 'sure
536 196 624 244 1un11
645 195 816 244 aucarum

105 362 241 432 quattuor
263 353 356 427 milia,
385 369 460 429 quae
488 351 656 429 praedatum
676 351 773 410 forent
791 352 896 424 missa,
924 366 1016 428 posse
1040 355 1148 432 excipi.

105 437 245 497 Otacilius
267 455 323 496 nec
343 437 438 495 statim
459 436 582 495 credidit
594 436 779 511 transfugae,
803 452 860 495 neo
875 442 970 493 tamen
985 455 1048 496 rem
1064 454 1149 515 sper·

104 522 226 581 nondam
254 530 350 595 ratus,
381 519 523 596 disposuit
551 519 579 577 in
607 519 717 579 insidiis
739 518 1066 600 lectissimamsuorum
1088 539 1148 581 ma-

104 624 181 664 num.
226 603 272 665 Ab
303 622 337 664 ea
358 603 432 663 Galli
460 605 579 680 excepti
604 604 759 681 dupliciter
779 601 927 662 Hannonis
951 597 1076 665 consilio
1101 622 1149 664 sa·

101 689 285 763 tisfecerunt,
312 696 341 746 et
368 705 406 745 ex
433 686 570 747 Romanis
599 704 681 747 raros
716 686 885 746 cecideruut
918 696 947 747 et
970 690 1027 768 ipsi
1047 705 1150 748 omnes

103 773 250 833 interiecti
271 780 346 830 sunt.

188 859 217 918 4.
259 855 401 916 Hannibal
429 855 513 914 simili
541 854 664 915 consilio
692 872 725 914 se
753 873 768 916 a
799 855 958 934 transfugis
985 857 1063 916 ultus
1091 867 1147 917 est.

103 938 176 999 Nam
204 958 268 999 cum
296 939 410 1017 aliquos
440 957 478 998 ex
504 939 641 998 militibus
659 938 719 997 suis
742 939 831 999 sciret
850 943 991 1001 transisse
1015 943 1148 1019 proxima

104 1033 208 1100 nocte,
225 1042 281 1084 nec
295 1024 444 1101 ignoraret
460 1022 664 1100 exploratores
680 1023 805 1083 hostium
821 1025 848 1081 iu
865 1025 969 1084 castris
988 1026 1047 1084 suis
1067 1044 1147 1100 esse,

104 1108 200 1187 palam
224 1109 436 1187 pronuntiavit,
459 1125 517 1166 uon
536 1107 646 1166 debere
669 1109 834 1184 transfugas
852 1109 954 1168 vocari
975 1109 1148 1168 sollertissi-

105 1210 168 1252 mos
190 1193 312 1268 milites,
342 1193 390 1269 qui
409 1193 499 1272 ipsius
522 1193 601 1251 iussu
625 1192 749 1252 exierint
769 1193 805 1252 ad
824 1192 997 1270 excipienda
1019 1193 1147 1253 hostiurn

106 1278 237 1337 consilia.
283 1277 396 1337 Auditis
421 1295 495 1353 quac
520 1277 729 1354 pronuntiavit,
752 1276 914 1335 retulerunt
936 1277 1146 1354 exploratores

104 1361 141 1421 ad
166 1378 246 1420 suos.
292 1360 363 1420 Tum
386 1360 591 1438 comprehensi
620 1359 655 1419 ab
682 1359 820 1421 Romanis
848 1360 1017 1437 transfugae
1039 1371 1069 1420 et
1088 1379 1146 1422 am-

104 1446 209 1522 putatis
228 1444 358 1504 manibus
379 1444 494 1503 remissi
514 1453 588 1507 sunt.

191 1529 220 1586 5.
260 1527 424 1601 Diodorus,
444 1545 507 1586 cum
524 1527 672 1603 praesidio
695 1526 882 1605 Amphipolin
898 1536 1027 1587 tueretur
1043 1537 1074 1587 et
1087 1527 1146 1587 duo

103 1613 180 1672 milia
203 1611 346 1670 Thracum
370 1620 508 1688 suspecta
525 1610 665 1686 haberet,
690 1629 765 1689 quae
785 1611 957 1671 videbantur
978 1610 1082 1671 urbem
1103 1612 1147 1671 di-

104 1706 239 1774 reptura,
269 1694 405 1752 mentitus
435 1703 479 1752 est
504 1712 612 1772 paucas
641 1695 766 1755 bostium
788 1714 878 1756 naves
902 1697 1035 1774 proximo
1066 1696 1145 1755 litori

103 1779 280 1857 adplicuisse
299 1795 409 1856 easque
432 1779 515 1856 diripi
538 1796 637 1857 posse.
684 1780 752 1854 Qua
769 1798 823 1858 spe
839 1780 1001 1840 stimulatos
1016 1780 1147 1841 Thracas

104 1864 198 1923 emisit
213 1881 255 1950 ac
276 1862 381 1924 deiude
404 1863 512 1923 clausis
534 1865 627 1943 portis
648 1882 706 1924 uon
727 1866 851 1942 recepit.

476 2031 625 2095 carot
654 2032 762 2094 XVII.

453 2165 501 2211 nn
526 2163 794 2214 nnuurrournus.

191 2293 218 2344 1.
258 2287 396 2361 Romani,
432 2288 481 2365 qui
509 2289 538 2345 iu
572 2286 720 2363 praesidio
753 2286 1017 2348 Panormitanorum
1052 2297 1145 2362 erant,

105 2370 242 2429 veniente
270 2371 305 2430 ad
335 2369 516 2430 obsidionem
546 2368 743 2447 Hasdrubale,
774 2389 858 2431 raros
887 2391 923 2432 ex
950 2371 1090 2431 industria
1117 2373 1146 2432 iu

104 2454 193 2512 muris
208 2464 369 2530 posueruut
387 2453 574 2514 defensores:
599 2471 720 2530 quorum
736 2457 881 2533 paucitate
897 2464 1062 2533 contempta
1082 2474 1147 2515 cum
1196 2459 1198 2464 '

104 2538 247 2598 incautius
272 2540 361 2597 muris
390 2537 566 2598 succederet
587 2536 767 2615 Hasdrubal,
791 2541 944 2618 eruptione
966 2539 1043 2599 iacta
1066 2541 1153 2619 ceci·¹

103 2622 206 2681 derunt
228 2639 302 2680 eum.

190 2703 220 2762 2.
265 2706 405 2764 Aemilius
423 2706 556 2779 Paullus,
585 2708 728 2766 universis
748 2705 902 2784 Liguribus
929 2727 967 2767 ex
984 2708 1145 2785 improviso

104 2789 213 2849 adortis
243 2798 338 2849 castra
366 2791 446 2866 eius,
472 2790 605 2849 simulato
634 2793 737 2850 timore
766 2790 886 2851 militem
914 2793 961 2852 diu
990 2793 1145 2858 continuit;

104 2873 210 2934 deinde
238 2872 358 2950 fatigato
392 2875 447 2934 iam
473 2874 575 2950 hoste,
602 2884 737 2952 quattuor
763 2878 856 2954 prontis
885 2875 1040 2954 eruptione
1068 2875 1146 2937 iacta

105 2958 206 3016 stravit
224 2959 361 3035 cepitque
384 2957 516 3035 Ligures.
1108 2997 1117 3012 .

190 3039 219 3104 3.
262 3040 359 3101 Livius
379 3042 548 3120 praelectus
570 3042 780 3119 Romanorum,
803 3062 901 3104 arcem
923 3042 1146 3104 Tarentinorum

104 3132 226 3200 tenens,
248 3127 324 3184 misit
341 3126 377 3186 ad
394 3126 605 3187 Hasdrubalem
626 3129 758 3205 legatos,
778 3137 810 3188 ut
830 3128 911 3188 abire
928 3128 984 3188 sibi
1006 3128 1147 3188 incolumi

104 3208 223 3274 liceret:
253 3219 282 3268 et
307 3227 341 3268 ea
362 3211 543 3271 simulatione
566 3211 602 3272 ad
626 3213 813 3272 securitatem
836 3213 1008 3289 perductum
1030 3212 1146 3273 hostem

105 3293 259 3370 eruptione
281 3293 363 3358 facta
381 3295 496 3355 cecidit.

190 3378 220 3438 4.
265 3376 318 3442 Cn.
339 3378 510 3456 Pompeius,
541 3379 753 3440 circumsessus
778 3380 814 3439 ad
835 3377 1065 3456 Dyrrhachium,
1088 3396 1147 3440 non

104 3469 213 3523 tautum
231 3461 384 3522 obsidione
403 3462 538 3522 liberavit
558 3479 638 3539 suos,
662 3481 762 3522 verum
783 3464 869 3525 etiam
889 3471 957 3542 post
978 3464 1146 3543 eruptione,
