2438 3848
291 182 774 233 sunnseonnarrcoun1e.11.
798 183 875 232 ose.
898 183 923 230 1.
1087 167 1127 227 27

502 336 652 398 CAPUT
682 337 704 397 i.

264 468 313 514 on
335 467 499 515 canrosa
519 468 567 514 ao
586 467 733 515 euaunn
754 467 947 516 antonum.

172 589 201 648 i.
245 587 276 648 Ρ.
298 592 399 669 Scipio
421 591 449 649 in
464 588 602 667 Hispania
624 607 688 648 cum
709 591 903 667 comperisset
920 587 1130 650 Hasdrubalem

81 674 250 733 Poenorum
272 676 374 735 ducem
397 675 493 733 ieiuno
511 674 643 732 exercitu
661 691 744 732 mane
765 676 952 751 processisse
975 676 1003 733 in
1024 676 1128 745 aciem,

83 757 224 817 continuit
251 757 280 818 in
307 759 408 821 horam
436 759 587 835 septimam
612 774 699 831 suos,
729 757 833 835 quibus
855 766 1069 838 praeceperat,
1099 765 1129 815 ut

83 844 273 920 quiescerent
301 852 331 902 et
360 841 454 901 cibum
474 849 629 919 caperent:
659 860 783 919 cumque
804 843 906 902 hostes
928 844 1039 919 inedia,
1069 843 1128 915 siti,

83 943 166 985 mora
195 926 248 985 suh
276 927 363 986 armis
390 925 503 1002 fatigati
532 933 670 1003 repetere
703 935 797 986 castra
820 929 1005 1006 coepissent,
1031 926 1128 986 subito

84 1011 187 1088 copias
210 1010 309 1070 eduxit
332 1018 361 1069 et
380 1011 536 1071 commisso
545 1009 673 1085 ‘proelio
694 1011 772 1069 vicit.

170 1092 199 1154 2.
244 1093 382 1155 Metellus
405 1093 471 1153 Pius
491 1095 519 1152 in·
536 1093 674 1170 Hispania
698 1093 839 1152 adversus
855 1092 1041 1169 Hirtuleium,
1066 1111 1129 1151 cum

83 1177 135 1237 ille
164 1180 276 1238 oriente
296 1180 428 1256 protinus
455 1178 502 1238 die
530 1178 697 1235 instructam
725 1179 817 1236 aciem
844 1177 924 1236 uallo
946 1179 1008 1236 eius
1031 1176 1129 1235 admo·

83 1264 177 1321 visset
197 1262 393 1340 fervidissimo
408 1271 476 1322 tunc
497 1262 561 1320 anni
581 1270 728 1339 ternpore,
753 1263 826 1320 intra
849 1270 944 1322 castra
970 1277 1039 1319 suos
1061 1277 1128 1318 con·

85 1347 169 1405 tinuit
196 1348 225 1405 in
246 1347 346 1406 horam
370 1346 428 1405 diei
449 1355 579 1420 sextam,
608 1353 694 1423 atque
717 1346 754 1404 ita
777 1344 914 1422 fatigatos
936 1354 1019 1406 aestu
1042 1344 1129 1405 facilc

84 1431 207 1508 integris
231 1439 260 1490 et
280 1429 449 1490 recentibus
471 1447 588 1490 suorum
609 1431 679 1488 vicit
701 1430 821 1493 viribus.

171 1515 201 1575 3.
245 1513 342 1589 Idem,
365 1515 468 1575 iunctis
492 1532 556 1574 cum
578 1512 717 1592 Pompeio
741 1515 843 1574 castris
866 1515 1007 1575 adversus
1029 1515 1129 1574 Serto-

83 1601 157 1658 rium
185 1600 214 1658 in
232 1598 385 1677 Hispania,
415 1617 478 1659 cum
503 1617 594 1676 saepe
624 1599 809 1658 instruxisset
831 1601 940 1675 aciem,
970 1599 1056 1658 hoste
1082 1598 1130 1676 qui

83 1685 226 1761 imparem
252 1702 284 1742 se
313 1682 428 1743 duobus
458 1681 598 1742 credebat
623 1699 749 1760 pugnam
776 1684 975 1759 detractante,
1005 1683 1129 1761 quodam
1216 1757 1217 1763 ἵ

84 1767 190 1828 deinde
220 1775 354 1846 tempore
388 1768 574 1827 Sertorianos
604 1766 710 1826 milites
744 1768 997 1828 animadvertisset
1023 1783 1129 1843 magno

83 1854 194 1929 impetu
211 1852 379 1927 instinctos,
398 1851 594 1930 deposcentes
608 1869 733 1929 pugnarn
745 1851 942 1929 humerosque
956 1860 1130 1910 exserentes

84 1945 114 1996 et
134 1935 254 1995 lanceas
270 1935 436 2011 vibrantes,
459 1935 635 1995 existimavit
650 1936 748 1995 ardori
763 1934 925 1994 cedendum
942 1936 1128 2011 intempore,

83 2020 259 2097 recepitque
282 2021 460 2095 exercitum,
484 2027 513 2078 ct
536 2018 676 2095 Pompeio
692 2019 768 2078 idern
784 2017 909 2077 faciendi
925 2028 1027 2078 auctor
1045 2019 1106 2077 luit.

170 2103 201 2161 4.
245 2102 407 2178 Postumius
431 2103 534 2163 consul
556 2104 584 2160 in
606 2103 724 2176 Sicilia,
746 2119 809 2159 cum
833 2110 929 2162 castra
953 2104 1015 2160 eius
1038 2119 1054 2160 a
1075 2101 1128 2160 Pu·

84 2188 160 2248 nicis
191 2187 276 2246 trium
297 2189 405 2247 milium
431 2205 569 2266 passuum
600 2188 695 2263 spatio
725 2187 882 2262 distarent,
912 2194 942 2246 et
969 2186 1129 2246 dictatores

84 2270 366 2347 Carthaginiensium
394 2272 524 2350 qnotidie
551 2279 616 2329 anto
645 2272 709 2348 ipsa
732 2272 905 2331 munimenta
934 2270 1129 2330 Romanorum

84 2357 245 2432 dirigerent
273 2357 381 2432 aciem,
409 2358 515 2432 exigua
541 2373 623 2414 manu
649 2354 764 2414 levibus
791 2355 911 2415 adsidue
929 2356 1052 2434 proeliis
1074 2372 1128 2434 pro

84 2439 165 2498 vallo
178 2439 343 2499 resistebat.
378 2439 470 2513 Quam
484 2439 722 2499 consuetudinem
736 2446 938 2500 contemnente
950 2442 1004 2500 iam
1018 2440 1128 2514 Poeno,

83 2523 207 2602 reliquis
228 2524 360 2584 omnihus
374 2542 428 2603 per
444 2526 571 2602 quietem
587 2525 659 2582 intra
674 2523 782 2583 vallum
797 2526 979 2603 praeparatis
995 2541 1032 2582 ex
1046 2541 1129 2583 more

84 2609 225 2686 pristino,
256 2627 320 2668 curn
342 2610 443 2686 paucis
471 2608 643 2668 sustentavit
670 2609 816 2667 incursum
837 2609 1069 2669 aduersariorum
1095 2625 1129 2666 ac

84 2692 174 2753 solito
200 2692 304 2752 diutius
333 2692 476 2752 detinuit:
508 2692 612 2770 quihus
636 2692 764 2768 fatigatis
792 2702 860 2769 post
890 2701 1003 2752 sextam
1028 2692 1129 2751 horam

84 2786 113 2835 et
142 2778 199 2835 iam
227 2794 260 2835 se
285 2776 512 2855 recipientibus,
540 2786 570 2835 et
598 2794 661 2835 cum
692 2776 786 2835 inedia
809 2794 926 2855 qnoque
949 2776 1128 2850 laborarent,

83 2878 139 2938 per
161 2868 299 2920 recentes
320 2879 389 2920 suos
410 2861 540 2937 hostem,
564 2878 650 2937 quem
672 2859 822 2938 praedicta
841 2861 1069 2939 profligaverant
1088 2860 1128 2917 in·

86 2945 256 3017 commoda,
279 2945 401 3021 fugavit.

170 3030 200 3090 5.
243 3027 408 3105 Iphicrates
428 3028 632 3104 Atheniensis,
657 3029 705 3106 qui
728 3026 936 3106 exploraverat
954 3028 1058 3087 eodem
1081 3027 1129 3086 ad·

83 3112 167 3173 sidue
196 3120 329 3190 tempore
360 3114 461 3173 hostes
496 3113 590 3173 cibum
619 3130 745 3190 capere,
777 3112 915 3170 maturius
945 3114 1026 3172 vesci
1059 3129 1130 3170 suos

82 3197 167 3256 iussit
190 3204 220 3254 et
242 3197 342 3256 eduxit
363 3198 392 3256 in
415 3199 523 3272 aciem,
553 3197 769 3275 adgressusque
798 3195 912 3255 hostem
933 3195 972 3255 ita
998 3196 1128 3269 detinuit,

83 3290 113 3339 ut
135 3280 164 3338 ei
186 3296 282 3358 neque
298 3281 472 3358 confligendi
491 3299 587 3358 neque
610 3280 735 3339 abeundi
757 3280 840 3340 daret
862 3278 1039 3339 facultatem.
1083 3277 1128 3336 ln·

83 3364 193 3423 clinato
216 3364 321 3424 deinde
346 3367 402 3424 iam
424 3364 470 3424 die
493 3365 610 3424 reduxit
636 3382 705 3423 suos
734 3373 763 3423 et
785 3363 969 3423 nihilominus
991 3366 1019 3422 in
1041 3363 1129 3421 armis

83 3450 211 3510 retinuit.
241 3446 366 3526 Fatigati
379 3449 480 3510 hostes
492 3465 550 3509 non
562 3450 686 3509 statione
700 3449 794 3528 magis
807 3446 1032 3530 quaminedxa,
1042 3445 1152 3499 summ
