2438 3848
244 159 586 210 sunnnuauunuuoon
608 160 736 208 meru.
762 160 971 210 oar.111-v.
1085 147 1125 211 87

489 314 636 377 CAPUT
658 315 713 376 lv.

436 430 496 477 nu
522 429 771 479 rusu1u1a.

171 541 200 598 l.
245 534 389 611 Camillo,
415 525 548 594 Faliscos
579 533 741 611 obsidenti,
769 533 828 593 ludi
854 534 993 610 magister
1015 533 1126 593 liberos

81 620 265 682 Faliscorum
293 629 436 696 tamquam
465 617 628 678 ambulandi
653 635 741 678 causa
768 626 851 678 extra
872 635 982 676 murum
1003 617 1127 677 eductos

82 704 220 779 tradidit,
242 705 343 765 dicens
365 701 534 780 repetendis
558 703 601 760 eis
619 690 770 761 obsidibus
792 703 961 762 necessario
982 702 1128 762 civitatem

82 791 228 868 imperata
259 787 409 850 iacturam
454 783 591 855 Camillus
617 802 675 844 non
703 784 796 845 solum
824 786 936 865 sprevit
963 785 1126 864 perfidiam,

83 873 138 933 sed
165 881 195 931 et
215 871 359 931 restrictis
388 878 457 948 post
482 877 565 946 terga
587 868 718 928 manibus
737 871 905 945 magistrum
924 869 1016 945 virgis
1038 887 1127 946 agen·

84 956 151 1015 dum
175 955 211 1015 ad
234 961 372 1033 parentes
387 951 502 1013 tradidit
519 950 636 1030 pueris,
660 953 783 1028 adeptus
800 952 945 1012 beneficio
963 955 1126 1027 victoriam,

85 1056 171 1118 quam
193 1038 295 1098 fraude
315 1055 373 1096 non
394 1036 597 1115 concupierat:
617 1053 680 1095 nam
704 1035 812 1096 Falisci
834 1036 872 1096 ob
894 1036 969 1096 hanc
991 1039 1128 1097 iustitiam

83 1130 192 1200 sponte
214 1124 242 1182 ei
260 1140 293 1180 se
317 1120 498 1181 dediderunt.

172 1204 201 1270 2
238 1204 286 1264 Ad
316 1204 480 1264 Fabricium
509 1200 613 1261 ducem
641 1200 836 1262 Romanorum
864 1202 994 1262 medicus
1024 1203 1129 1278 Pyrrhi

85 1288 272 1368 Epirotarum
290 1289 369 1366 regis
385 1287 520 1366 pervenit
534 1285 742 1365 pollicitusque
759 1294 805 1345 est
820 1285 951 1345 daturum
966 1305 999 1346 se
1014 1286 1127 1361 Pyrrho

88 1390 249 1449 venenum,
275 1373 299 1431 si
320 1389 437 1431 merces
459 1370 563 1446 sibi,
554 1388 583 1428 ιιι
605 1388 660 1449 qua
677 1387 787 1447 operae
808 1371 931 1448 pretium
953 1370 1042 1447 foret,
1060 1387 1129 1430 con·

86 1458 266 1516 stitueretur.
313 1455 378 1527 Quo
404 1454 536 1515 facinore
563 1452 715 1513 Fabricius
747 1472 838 1532 egere
869 1455 1021 1515 victoriam
1049 1473 1131 1515 suam

86 1544 145 1601 rion
168 1539 322 1599 arbitratus
346 1539 411 1616 regi
438 1538 581 1598 medicum
605 1538 732 1615 detexit,
762 1547 849 1617 atque
872 1556 907 1598 ea
931 1538 989 1599 lide
1013 1541 1128 1614 meruit,

86 1633 118 1683 nt
136 1624 173 1684 ad
185 1622 378 1703 adpetendam
392 1624 545 1684 amicitiam
555 1622 750 1682 Romanorum
767 1622 959 1703 compelleret
978 1623 1128 1700 Pyrrhum.

502 1773 656 1866 onruu
675 1775 715 1835 v.

457 1891 506 1938 Du
528 1886 759 1936 CONSTANTIA.

177 1994 202 2053 1.
244 1992 297 2053 (ln.
325 1994 480 2072 Pompeius
514 1992 686 2052 minantibus
721 2010 755 2052 se
784 1993 950 2071 direpturos
979 1993 1131 2070 pecuniam

88 2076 245 2154 militibus,
270 2096 345 2157 quae
366 2079 395 2136 in
412 2076 555 2154 triumpho
576 2076 718 2149 ferretur,
741 2075 867 2136 Servilio
890 2085 919 2135 et
939 2074 1058 2136 Glaucia
1081 2093 1131 2136 co·

89 2161 270 2222 hortantibus
288 2171 318 2221 ut
337 2161 480 2221 divideret
495 2178 576 2235 eam,
598 2176 635 2218 ne
654 2158 760 2219 seditio
776 2160 877 2236 fieret,
899 2159 1059 2219 adfirmavit
1073 2176 1132 2219 non

88 2245 328 2324 triumphaturum
349 2263 399 2322 se,
416 2245 470 2305 sed
494 2244 589 2323 potius
610 2243 793 2321 moriturum,
817 2261 901 2323 quam
922 2243 1058 2304 licentiae
1079 2245 1130 2302 mi·

87 2329 170 2389 litum
181 2328 400 2398 succumberet;
414 2328 621 2406 castigatisque
634 2328 766 2391 oratione
778 2347 861 2406 gravi
855 2328 1020 2387 laureatos
1031 2327 1131 2388 fasces

89 2412 217 2488 obiecit,
245 2421 276 2472 ut
302 2412 338 2473 ab
364 2413 480 2473 illorum
508 2413 672 2490 inciperent
699 2412 883 2493 direptione;
907 2429 1001 2503 eaque
1024 2411 1132 2472 invidia

88 2496 206 2573 redegit
228 2513 281 2556 eos
301 2497 339 2558 ad
360 2497 540 2558 modestiam.

176 2578 206 2637 2.
228 2577 263 2638 G.
275 2577 396 2658 Caesar,
406 2581 577 2641 seditione
568 2598 597 2639 ru
610 2578 730 2639 tumultu
742 2579 869 2639 civilium
885 2596 1029 2639 armorum
1042 2579 1132 2656 lacta,

89 2675 149 2724 tum
170 2680 233 2722 cum
255 2665 376 2724 maxime
400 2664 576 2725 tumentibus
596 2664 696 2723 animis
714 2663 860 2739 legionem
881 2672 969 2723 totam
992 2672 1131 2723 exaucto-

89 2748 183 2821 ravit,
206 2745 328 2806 ducibus
344 2748 495 2807 seditionis
511 2748 607 2807 securi
624 2748 790 2825 percussis;
811 2763 880 2805 mox
902 2748 1034 2822 eosdem,
1058 2763 1133 2824 quos

45 2839 49 2845 ’
90 2838 351 2907 exauctoraverat,
379 2831 785 2910 ignominiam-deprecantes
806 2832 930 2890 restituit
953 2839 983 2889 ot
1006 2832 1132 2909 optimos

88 2915 198 2972 milites
220 2912 327 2972 habuit.

177 2993 206 3054 3.
245 2993 408 3054 Postumius
432 2996 596 3057 consularis
624 2996 794 3056 cohortatus
816 3013 903 3071 suos,
924 3013 987 3056 cum
1008 2996 1132 3057 interro·

89 3085 175 3153 gatus
198 3086 279 3137 esset
307 3094 324 3136 a
350 3077 505 3174 militibus,
534 3079 602 3155 quid
626 3081 800 3156 imperaret,
824 3079 910 3156 dixit,
934 3088 965 3139 ut
986 3099 1019 3140 se
1041 3082 1132 3141 imita·

90 3168 205 3233 rentur,
236 3168 264 3219 et
289 3168 408 3237 arrepto
431 3161 515 3236 signo
535 3161 638 3222 hostes
657 3164 766 3239 primus
784 3164 904 3230 invasit;
932 3181 1018 3243 quem
1038 3167 1133 3224 secuti

90 3243 244 3304 victoriam
260 3243 358 3321 adepti
380 3251 454 3302 sunt.

176 3328 206 3386 t
253 3324 392 3389 Claudius
407 3324 582 3402 Marcellus,
606 3344 670 3386 cum
692 3327 721 3386 in
740 3308 840 3387 manus
858 3327 1034 3389 Gallorum
1025 3344 1131 3406 rmpru·

37 3433 40 3439 ·
91 3410 164 3471 dens
180 3409 328 3471 lucidisset
335 3410 645 3491 ,circumspiciendae
661 3411 791 3490 regionis
809 3430 867 3492 qua
889 3411 1030 3472 evaderet
1045 3428 1133 3473 causa
