2438 3848
525 160 701 211 IIDITORIS·
1088 167 1137 213 XV

81 320 164 395 ferre
185 320 362 378 dubiiosscut.
378 313 392 401 Η
408 319 605 389 deseruissem)
627 337 668 381 sc.
685 323 834 393 proellum.
871 325 985 394 „Wenn
1005 326 1047 380 sie
1068 343 1135 382 aus-

82 407 210 463 rissen.“
228 405 269 461 CI.
287 411 331 463 20.
358 397 372 484 ΙΙ
397 413 440 464 21.
455 419 518 460 cum
531 402 649 472 Paccio)
664 406 704 461 Ila
718 423 821 462 nomen
837 410 967 464 scribitur
982 410 1068 464 tribus
1084 409 1137 465 Ta·

84 492 131 547 eiii
148 489 229 546 lucie.
261 489 328 546 vid.
347 490 432 547 Orell.
451 488 490 544 ad
502 489 605 545 Annei.
619 488 690 546 XIII.
706 494 751 549 36.
773 492 859 547 Palal.
876 491 981 548 Micon.
1003 489 1137 548 Scriverii

85 591 158 630 unus
173 574 285 630 Inicom.
312 572 389 629 Med.
405 580 522 644 uterque
539 570 640 627 Secum
651 590 679 629 ο.
694 590 719 629 c.
731 575 816 631 initio.
851 574 923 630 Oud.
937 577 1029 647 magis
1045 577 1137 647 placet

84 675 147 715 cum
157 657 244 726 Iccio,
261 659 308 714 vel
324 674 387 714 cum
407 657 470 712 Ilio.
504 656 629 711 Muretus
643 657 745 713 vuuP.
756 658 835 715 Attio.
850 651 864 738 II
879 664 923 719 24.
940 659 1137 730 insomnium)

83 741 173 799 libri:
193 741 319 810 Seruum
344 739 484 811 Seruium,
504 739 651 807 Sitrimum,
666 741 808 808 Firmum,
830 745 978 799 Firmium.
1018 744 1138 802 Secutus

85 843 149 882 sum
165 825 303 881 Niebuhr.
321 825 402 880 Rbm.
419 822 522 880 Gesch.
537 823 581 878 III.
596 840 626 894 p.
641 828 703 882 584.
723 816 737 904 II
758 825 837 882 Idem
855 830 981 897 semotus)
1007 827 1087 884 Idem
1101 827 1137 885 de

85 927 149 966 meo
164 909 281 979 Inserui‚
299 915 326 964 el
341 910 414 964 Infra
427 925 480 980 pro
495 910 554 963 eius
570 906 722 966 emendavi
738 911 858 966 consulis
882 913 975 981 (cos).
1010 913 1138 968 Alterum

84 1000 260 1066 strategema
284 992 408 1049 disIInxi.
441 992 527 1048 Recte
553 1007 599 1046 me
621 993 740 1061 leclsse,
767 1003 924 1066 coarguunt
949 997 1033 1051 eliam
1051 998 1140 1052 verba

86 1094 161 1149 seq.=
184 1091 220 1132 ue
235 1078 344 1132 auxilio
363 1079 390 1132 ei
409 1075 630 1132 submitterentur
637 1098 647 1137 ,·
672 1091 737 1130 nam
754 1077 894 1133 Plutarch.
922 1079 1020 1150 Pyrrh.
1041 1097 1066 1134 c.
1089 1085 1138 1138 18:

85 1147 324 1234 ἀναπληροῦντες
343 1153 376 1217 δὲ
395 1145 447 1227 τὰς
468 1148 563 1228 τάξεις
587 1151 639 1213 uui
662 1149 868 1228 συντάττοντες
898 1153 996 1230 ἑτέρας
1021 1150 1139 1236 προθύ-

85 1262 158 1318 μως.
174 1235 248 1322 1125.
265 1245 407 1316 relegatis)
421 1244 505 1307 uelut,
529 1240 606 1312 quod
621 1240 743 1313 additur,
760 1242 954 1299 Mediceorum
976 1247 1140 1301 auctoritate

86 1328 193 1384 delevi.
230 1325 271 1383 CI.
286 1331 330 1386 44.
346 1318 418 1407 1126.
439 1327 549 1394 consul)
566 1341 581 1378 e
599 1327 742 1382 nonnullis
757 1327 835 1382 libris
851 1329 968 1384 resliIuI.
987 1319 1000 1408 ss
1014 1331 1058 1386 27.
1078 1330 1138 1402 οἱο-

86 1410 137 1468 diis
158 1413 275 1484 aptotis)
298 1411 339 1469 CI.
360 1412 408 1467 III.
429 1416 464 1479 3,·
479 1414 505 1470 9.
520 1409 582 1464 Liv.
604 1409 719 1464 XXVII.
740 1416 790 1469 13:
812 1412 947 1468 destrictis
961 1414 1062 1485 qludiis
1081 1415 1138 1471 dis·

85 1498 188 1552 cinctos
205 1496 323 1551 destitui.
353 1495 426 1551 Ante
447 1510 507 1550 me:
528 1495 662 1566 ooleuios.
679 1485 927 1572 illuminaretur)
964 1497 1036 1553 Oud.
1054 1502 1138 1554 milte-

85 1587 193 1636 remiur.
217 1570 232 1658 ΙΙ
251 1584 295 1639 29.
311 1579 351 1634 cd
365 1579 528 1647 Luceriam)
549 1584 580 1633 ut
599 1579 662 1633 LIv.
678 1578 713 1639 X.
731 1584 776 1637 35.
809 1580 883 1637 Oud.
902 1584 931 1636 iu
949 1581 1018 1637 Luc.
1035 1573 1049 1661 ΙΙ
1063 1587 1105 1642 33.
1121 1600 1139 1637 o

85 1666 176 1734 terra)
193 1663 250 1718 iam
265 1663 386 1718 restituit
402 1661 490 1727 Oud.;
507 1659 591 1716 sede
607 1678 680 1718 voce
696 1663 762 1730 aiio,
788 1681 860 1735 quae
876 1671 920 1721 est
935 1667 963 1720 In
979 1668 1067 1737 vulg„
1090 1667 1140 1722 ad·

84 1748 137 1804 ieci
152 1748 234 1803 edito.
250 1737 264 1825 ΙΙ
279 1751 322 1807 36.
336 1748 471 1820 quorum)
492 1747 571 1817 lego,
593 1762 644 1818 pro
667 1763 793 1818 quorum.
810 1740 824 1828 [I
839 1754 882 1808 38.
905 1751 1073 1821 diripuerat)
1100 1751 1140 1806 Ila

86 1832 208 1888 Caseub.
223 1838 251 1886 el
265 1831 328 1902 alil,
345 1847 395 1903 pro
414 1832 548 1886 diruerat.
570 1820 583 1908 ll
605 1833 649 1888 39.
666 1832 850 1902 caedendum)
873 1849 928 1904 ego
946 1835 1061 1891 Inserui.
1077 1825 1090 1912 II
1106 1849 1141 1890 ue

83 1916 121 1972 ibi
133 1915 245 1988 quidem
265 1917 332 1985 etc.)
362 1913 434 1971 Oud.
453 1928 505 1969 nec
521 1913 559 1967 ibi
576 1915 685 1986 quidem
701 1917 889 1971 remissionem
908 1918 1037 1986 supplicii
1057 1921 1141 1988 prius

84 2002 193 2067 meruit,
213 2016 253 2055 sc.
267 1999 386 2054 Faqus:
404 2013 476 2070 quae
492 1997 562 2052 ralio
579 1998 670 2052 turbat
685 1999 828 2068 syntaxis.
867 1999 1000 2053 Nonnulli
1016 2001 1078 2054 libri
1093 2017 1139 2057 re-

84 2085 177 2140 missio
200 2089 228 2138 el
247 2085 374 2138 remisso.
407 2083 493 2153 Vulg.
514 2081 629 2135 remisso
644 2082 730 2151 prius
754 2095 818 2151 sup.
840 2086 922 2137 metu.
958 2082 1039 2137 Haud
1055 2089 1139 2154 pauci

85 2182 119 2223 ne
134 2167 179 2223 ibi.
211 2166 276 2221 Vox
284 2169 369 2237 prius
382 2172 471 2221 mutat
484 2167 587 2220 Iocum.
619 2163 663 2218 Ex
677 2163 723 2219 his
740 2164 841 2219 refinxi
856 2167 964 2233 Iocum,
986 2173 1015 2221 ul
1033 2167 1139 2223 editum

85 2251 178 2308 vides.
209 2249 279 2320 „Die
294 2251 316 2305 F
318 2249 399 2306 urchi
417 2250 501 2317 (aller
513 2247 729 2318 Anwesenden)
752 2265 805 2304 vor
821 2248 871 2304 der
887 2250 1072 2325 Hianchlung
1087 2252 1138 2308 des

85 2334 189 2391 Fabius
204 2333 272 2390 liess
288 2334 364 2389 nieht
379 2333 470 2402 nach,
485 2333 560 2389 bis.“
590 2332 650 2389 LIv.
666 2333 740 2388 VIII.
759 2339 809 2392 35:
831 2334 957 2391 liberauit
976 2352 1059 2393 onere
1073 2354 1138 2394 coro-

85 2433 184 2474 sensas
198 2420 297 2490 popuii
311 2418 447 2488 Romani,
469 2417 508 2472 od
522 2430 624 2487 preces
640 2423 667 2472 ei
684 2418 885 2474 obtestationem
900 2434 1015 2490 uersus,
1039 2427 1070 2477 ut
1088 2422 1141 2478 sibi

80 2517 205 2574 poenum
215 2502 247 2568 (l.
264 2519 289 2557 e.
305 2502 488 2574 supplicium)
502 2502 628 2572 muyisiri
641 2503 759 2574 equitum
771 2502 888 2558 dictator
898 2507 1055 2560 remitteret.
1084 2508 1137 2561 Pro

85 2591 157 2642 metu
181 2586 316 2643 coniicias
334 2588 454 2642 miratu:
481 2590 598 2655 ulraque
618 2601 676 2639 vox
699 2593 872 2655 permulalur
900 2589 928 2642 in
954 2589 1031 2643 libris
1054 2590 1137 2644 eliam

86 2686 150 2742 cap.
176 2674 202 2730 7.
225 2675 270 2731 39.
301 2670 446 2742 Rogarem
464 2669 482 2724 i.
505 2685 531 2724 e.
547 2668 671 2723 Fi'rrbille
694 2670 844 2743 elnleglen.
891 2672 1036 2729 Romanus
1055 2673 1137 2745 (Ro.)

85 2753 192 2810 excidit
205 2761 320 2825 propter
335 2754 442 2809 initium
458 2767 518 2822 seq.
536 2757 677 2824 roooreui.

171 2838 240 2908 Cap.
254 2838 288 2893 II.
309 2843 334 2895 l.
351 2846 382 2893 ui
397 2839 466 2906 mou)
482 2837 522 2891 Ila
536 2835 673 2904 Petrens„
693 2852 750 2890 non
765 2851 810 2891 me.
838 2828 851 2916 II
877 2843 903 2894 2.
926 2841 1058 2895 minorem
1076 2845 1137 2913 qui-

84 2923 155 2989 dem,
172 2921 235 2990 sed)
250 2922 291 2977 Ila
305 2923 431 2978 Petrens.
459 2921 554 2992 Vulgo
571 2937 625 2975 orn.
642 2919 700 2974 sed.
717 2911 731 2999 Η
745 2923 932 2991 correctioris)
946 2925 1060 2980 PlurImi
1076 2941 1137 2982 cer-

83 3009 171 3063 iioris.
216 3005 263 3060 AI.
287 3008 418 3069 acrioris,
442 2999 608 3073 acerbioris,
635 3006 798 3058 exercioris.
839 3005 914 3060 InIra
937 3013 967 3065 3:
993 3008 1139 3082 discipline

83 3096 222 3148 correcto.
238 3081 252 3168 ΙΙ
266 3097 293 3147 5.
310 3090 415 3162 Cyrus)
431 3087 531 3144 Tolum
547 3089 706 3159 exemplum
723 3087 894 3143 eliciendum
909 3106 974 3146 esse
990 3093 1109 3150 videtur.

171 3173 240 3245 Cap.
258 3174 302 3230 III.
318 3180 344 3232 4.
363 3189 417 3229 nec
431 3176 479 3243 eo)
501 3188 552 3242 pro
575 3185 611 3227 me
630 3187 663 3226 eo
688 3188 724 3225 ex
737 3170 810 3227 Edd.
831 3186 874 3242 pr.
892 3180 919 3229 el
939 3192 1008 3232 mss.
1027 3177 1136 3236 duobus

83 3260 204 3317 restitui.
225 3249 239 3338 [I
259 3263 284 3317 6.
300 3264 396 3329 proci.
414 3259 547 3326 stoream)
564 3255 605 3310 Ila
621 3256 737 3323 Graev.‚
753 3255 874 3314 Gronov.
891 3264 918 3313 et
932 3259 1016 3318 Voss.
1048 3261 1137 3334 Librij:

79 3349 248 3416 praetores,
265 3343 421 3414 praeterito
444 3354 510 3407 reu,
530 3341 684 3411 praeterito
707 3346 788 3395 rectu
808 3347 860 3396 etc.
887 3332 901 3420 II
926 3356 1040 3398 aeneum
1055 3347 1135 3411 veru)

81 3427 199 3485 PlurImi
222 3427 285 3483 libri
304 3428 416 3483 arricum
439 3439 518 3480 veru.
550 3424 635 3495 Vulg.
656 3423 775 3481 alienum
796 3431 822 3481 el
842 3428 971 3481 unicum.
996 3426 1155 3478 bxuxsrdu.
