2438 3848
123 180 183 241 118
454 189 530 238 anx.
555 189 644 238 nunu
667 188 837 237 naourrru

122 363 227 424 agros,
250 345 404 420 tabernas,
428 345 589 404 coenacula
605 345 705 418 etiam,
723 342 908 421 corruptelas
926 341 1052 420 denique
1060 360 1168 413 omnes

122 431 273 510 perpetuis
302 429 473 488 salientibus
499 431 653 488 instructas
676 429 846 487 invenimus.
891 425 963 485 Nam
986 427 1064 504 quod
1087 428 1172 488 lalsis'

122 514 212 575 titulis
241 514 317 573 aliae
345 531 399 592 pro
430 512 495 573 aliis
524 531 617 591 aquae
644 512 855 588 erogabantur,
887 511 972 570 etiam
1000 521 1066 570 sunt
1095 513 1168 570 inter

124 600 236 659 leviora
264 600 373 657 ceteris
397 598 475 656 vitia.
520 596 599 656 Inter
626 615 660 656 ea
687 604 799 669 tamen,
831 614 905 674 quae
936 596 1171 654 emendationem

122 683 296 742 videbantur
317 683 456 757 exigere
485 682 688 745 numerandum
713 690 774 755 est,
799 680 876 757 quod
900 679 964 737 iere
988 681 1066 738 circa
1088 696 1166 739 mon·

122 777 181 827 tem
207 765 336 824 Caelium
359 771 403 823 et
413 764 587 824 Aventinum
615 764 729 823 accidit
764 725 966 837 buteones,
1000 766 1166 842 priusquam

123 850 244 911 Claudia
267 848 495 927 perduceretur,
519 849 674 908 utebantur
694 847 800 907 Marcia
824 857 853 906 et
875 846 957 928 Iulia.
1002 847 1062 907 Sed
1087 857 1166 926 post·

124 951 208 1013 quam
228 933 309 991 Nero
331 932 494 1010 Imperator
509 930 674 1005 Claudiam,
698 948 791 1009 opere
813 940 932 990 arcuato
956 919 1041 990 allius
1058 949 1165 1008 excep·

121 1028 208 1093 tam,-
200 1035 313 1094 usque
338 1016 373 1076 ad
396 1016 534 1094 templum
555 1015 621 1075 Divi
646 1014 757 1077 Claudii
781 1016 933 1093 perduxit,
962 1025 992 1075 ut
1016 1016 1082 1076 inde
1110 1017 1165 1075 dis·

122 1102 314 1175 tribueretur,
343 1102 459 1179 priores
488 1118 545 1159 non
570 1100 723 1177 ampliatae
752 1099 805 1159 sed
827 1100 953 1180 omissae
976 1109 1059 1159 sunt:
1089 1099 1167 1158 nulla

124 1189 198 1247 enim
222 1185 345 1245 castella
367 1185 490 1263 adiecit,
520 1184 573 1244 sed
595 1183 707 1243 iisdem·
721 1203 789 1243 usus
809 1192 855 1242 est
861 1175 1039 1261 ,‘quorum,
1068 1179 1180 1262 quam·'

123 1274 167 1330 vis
189 1279 296 1330 mutata
319 1287 411 1346 aqua,
443 1278 528 1328 vetus
547 1267 706 1345 adpellatio
729 1268 897 1346 permansit.

161 1358 259 1414 77.
304 1354 411 1412 Satis
403 1372 458 1412 ram
480 1354 516 1412 de
537 1353 623 1411 modo
641 1351 780 1430 cuiusque
798 1358 840 1410 et·
846 1350 936 1410 veluti
953 1368 1028 1410 nova
1045 1351 1168 1429 quadam

123 1382 316 1518 adquisitione
338 1454 491 1514 aquarum,
515 1447 544 1495 et
565 1435 714 1496 fraudibus
738 1437 883 1510 elvidis,
915 1454 990 1514 quae
1014 1437 1093 1531 circa
1117 1453 1168 1494 eas

123 1531 222 1596 erant,
246 1521 352 1579 dictum
375 1529 429 1578 est.
475 1521 636 1619 Superest,
657 1529 687 1578 ut
707 1521 927 1620 erogationem,
950 1537 1034 1597 quam
1052 1506 1167 1578 confer

122 1616 197 1678 tam,
221 1612 251 1662 ut
274 1605 317 1662 sic
338 1604 446 1678 dicam,
469 1606 497 1661 ill
522 1606 644 1663 massam
666 1605 844 1678 invenimus,
868 1605 953 1662 imriro
976 1605 1062 1661 etiam
1084 1603 1167 1663 falsis

122 1686 285 1749 nominibus
310 1689 450 1764 positam,
480 1705 535 1765 per
560 1689 674 1751 nomina
704 1707 858 1771 aquarum,
895 1689 937 1746 uti
966 1705 1102 1764 quaeque
1134 1706 1167 1747 se

123 1774 226 1847 babet,
256 1781 285 1831 et
307 1788 377 1848 per
381 1772 520 1870 regiones
539 1772 628 1831 urbis
640 1767 816 1856 digeramus.
861 1770 951 1831 Cuius
974 1771 1168 1850 comprehen-

123 1860 235 1917 sionem
257 1858 318 1914 scio
339 1873 397 1914 uon
417 1857 540 1915 ieiunam
562 1865 669 1915 tantum
694 1857 747 1916 sed
770 1858 856 1916 etiam
880 1856 1052 1934 perplexam
1074 1857 1168 1915 videri

122 1960 229 2022 posse:
259 1959 400 2019 ponqnus
419 1949 515 1999 tamen
538 1959 621 2018 quam
644 1940 834 2015 brevissime,
858 1959 894 1998 ne
901 1940 986 2017 quid
1005 1940 1086 1998 velut
1107 1940 1167 1999 ior·

121 2028 217 2088 mulae
247 2025 337 2084 olircii
364 2014 473 2086 desub
465 2026 516 2099 ris,
550 2024 679 2104 quibus
667 2024 809 2119 sufficiet
836 2026 1014 2101 cognovisse
1042 2032 1166 2100 summa,

123 2111 222 2171 licebit
244 2111 367 2169 transire
391 2109 511 2168 leviora.

208 2193 258 2254 78.
303 2193 435 2289 Utaergo
453 2193 618 2252 distributio
640 2193 832 2270 quinariarurn
855 2205 917 2251 xlv
935 2191 1043 2251 milium
1065 2206 1167 2267 XVIII,

122 2282 247 2338 itaet.
294 2319 301 2333 .
348 2320 355 2333 .
402 2319 408 2333 .
455 2321 462 2334 .
508 2296 517 2334 ι
561 2320 568 2334 .
721 2319 728 2332 .
775 2278 903 2354 .quia
950 2296 1012 2334 .·.
1058 2295 1168 2376 quae

123 2350 178 2421 eri*
190 2359 361 2458 quibusdam
390 2361 472 2437 aquis
503 2363 531 2417 in
558 2360 729 2420 adiutorium
755 2360 873 2419 aliarum
891 2360 997 2420 'dantur
1020 2369 1049 2419 et
1072 2360 1148 2420 bis
1140 2379 1169 2420 ιιι

123 2446 253 2522 speciem
275 2444 454 2517 erogationis
474 2442 594 2518 cadunt,
618 2445 740 2503 semel
732 2463 760 2502 ιιι
778 2438 1059 2535 computationem
1038 2447 1172 2504 veniuntr

121 2528 168 2588 Ex
190 2528 235 2587 lris
258 2526 421 2585 dividuntur
441 2535 523 2586 extra
546 2527 648 2587 urbem
671 2530 819 2605 cplinariae
841 2541 878 2587 Iv
899 2529 975 2587 milia
998 2509 1112 2589 LXIII*
1130 2548 1175 2623 ex·

122 2612 226 2712 quibus
254 2611 369 2670 nomine
391 2610 527 2671 Caesaris
554 2613 701 2689 quinariae
727 2600 930 2687 MDccvaII,
958 2614 1080 2690 privatis
1106 2604 1175 2690 quiz

121 2700 221 2757 uariae
249 2710 276 2756 11
306 2697 557 2759 miliacecxnv.
608 2695 751 2774 Reliquae
787 2698 860 2756 intra
891 2696 993 2756 urbem
1022 2710 1061 2757 Ix
1090 2697 1169 2769 milia

122 2795 281 2842 Dccccnv
310 2779 590 2847 distribuebantur
582 2798 623 2837 m
643 2780 765 2857 castella
795 2793 1030 2840 ccxnvl1:ex
1063 2781 1168 2859 quibus

123 2865 319 2942 erogabantur
343 2864 397 2923 sub
427 2866 542 2923 nomine
571 2862 708 2922 Caesaris
731 2864 878 2941 quinariae
899 2877 1046 2925 nsstccvn
1067 2867 1167 2942 semis,

123 2951 244 3046 priuatis
275 2934 437 3026 quinariae
444 2962 485 3007 III
504 2948 581 3006 milia
599 2960 809 3022 Dcccxnvll,
831 2948 933 3007 usibus
957 2948 1084 3026 publicis
1104 2952 1166 3028 qui·

122 3034 221 3090 uariae
240 3045 277 3090 Iv
298 3032 375 3090 milia
392 3040 506 3092 ccccl:
530 3047 619 3090 exeo
639 3034 742 3089 castris
757 3045 821 3090 xlx
836 3034 983 3111 quinariae
998 3045 1167 3111 ccnxxtx,

123 3114 261 3192 operibus
291 3115 415 3191 publicis
438 3116 694 3212 ‘xcvquinariae
721 3128 751 3174 II
781 3116 868 3175 milia·
887 3129 1006 3192 ccccl,
1043 3119 1168 3177 muneri·

29 3226 36 3235 ·
122 3197 176 3257 bus
199 3202 311 3263 xxxlx
335 3199 482 3274 quinariae
510 3211 733 3272 cccuxxvl,
765 3199 877 3259 lacibus
905 3212 991 3260 Dxcl
1016 3202 1168 3298 quinariae

22 3322 33 3335 .
122 3293 321 3342 mcccxxxv.
347 3280 474 3340 Sedet
494 3283 598 3342 haec
591 3300 654 3361 rpsa
672 3283 852 3361 dispensatio
874 3302 929 3363 per
946 3286 1061 3389 nomina
1079 3300 1168 3365 aqua·

121 3384 182 3426 rum
202 3373 232 3423 et
250 3364 388 3439 regiones
407 3365 488 3423 urbis
507 3367 657 3444 partienda
680 3376 734 3426 est.

208 3449 258 3508 Io.
303 3447 348 3508 Ex
372 3449 508 3527 quinariis
531 3466 604 3526 ergo
627 3463 690 3510 xlv
709 3450 824 3510 milibus
850 3465 955 3527 xvm,
986 3469 1073 3531 quam
1093 3471 1169 3514 sum·
