2438 3848
202 173 546 225 conscensu-armore
565 176 636 226 nro.
658 176 710 227 111.
742 177 818 230 oar.
835 172 967 232 '1v-v1,
1065 172 1107 233 65

63 338 127 405 tes,
151 330 202 408 qui
223 339 281 389 tam
301 329 494 392 detestabiles
511 330 614 411 epulas
635 335 821 395 sustinuisset
843 337 989 417 experiti,
1012 340 1041 400 in
1058 341 1109 403 de-

64 414 206 475 ditionem
226 423 377 478 venerunt.

150 496 180 555 2.
226 497 269 556 Ti.
294 496 459 572 Gracchus,
487 496 630 559 Lusitanis
659 500 873 562 dicentibus·in
893 504 1002 568 decent
1017 525 1108 569 annos

64 581 175 641 cibaria
198 600 232 642 se
252 580 364 641 habere
387 591 416 641 et
438 580 505 641 ideo
529 583 710 645 obsidionem
730 602 788 644 non
810 604 1025 668 expavescere,
1050 592 1107 653 Un-

64 666 198 740 decimo,
221 666 328 742 inquit,
352 682 426 725 anno
447 682 500 724 vos
520 668 641 745 capiam.
686 668 751 742 Qua
770 687 845 730 voce
867 676 1014 751 perterriti
1027 675 1107 736 Lusi-

64 751 140 825 tani,
164 767 335 827 quamquam
352 751 484 809 instructi
505 750 731 829 commeatibus,
755 756 849 814 statim
870 756 1106 833 se,dediderunt.

150 832 180 893 3.
225 833 261 892 A.
285 832 433 911 Torquato
458 832 598 895 Graecam
620 836 723 896 urbem
742 837 922 937 obpugnanti
942 860 1006 901 curn
1028 845 1107 906 dice·

61 928 161 992 retur,
189 917 366 976 iuventutem
395 917 434 976 ibi
467 919 597 978 studiose
627 921 729 980 iaculis
760 929 789 982 et
816 925 931 1001 sagittis
960 932 1106 1007 exerceri,

62 1002 158 1062 Pluris
183 1019 266 1077 eam,
289 1001 396 1079 inquit,
418 1002 592 1080 propediem
614 1005 747 1064 vendam.
793 1024 807 1041 r
875 1028 886 1047 ·

465 1165 614 1229 caput
646 1168 700 1231 Vl.

162 1301 209 1347 nn
232 1297 501 1348 nnsrnuerronn
527 1298 790 1349 rnansrmonun
811 1301 1015 1354 flosrrnrum.

152 1423 180 1482 1.
225 1422 342 1503 Scipio,
371 1421 532 1483 Hannibale
560 1421 588 1480 in
610 1421 740 1482 Africam
764 1440 905 1500 reverso,
936 1444 999 1486 cunr
1024 1427 1107 1508 plura

64 1506 190 1585 oppida,
214 1525 289 1584 quae
311 1508 385 1567 ratio
406 1507 448 1567 illi
473 1509 500 1566 in
523 1514 699 1584 potestatem
717 1507 877 1583 redigenda
900 1509 1036 1589 dictabat,
1059 1514 1106 1574 lir-

64 1592 118 1648 mis
140 1591 296 1666 praesidiis
319 1590 456 1652 diversae
477 1591 568 1670 partis
589 1589 809 1667 obtinerentur,
838 1592 959 1654 subinde
982 1596 1108 1675 aliquam

64 1692 178 1733 manum
202 1673 388 1735 submittebat
408 1676 443 1735 ad
470 1674 631 1735 infestando
653 1693 699 1735 ea.
743 1674 909 1741 Novissime
929 1680 1015 1739 etiam
1037 1689 1107 1742 tarn·

65 1776 152 1837 quam
171 1757 336 1835 direpturus
353 1761 484 1820 civitates
503 1759 619 1825 aderat:
643 1759 748 1818 deinde
771 1760 905 1821 simulato
928 1772 1005 1822 metu
1028 1766 1106 1825 reiu-

10 1886 31 1907 .,
64 1840 175 1918 glebat.
220 1840 377 1918 Hannibal,
401 1853 480 1904 ratus
503 1860 602 1902 veram
618 1859 686 1900 esse
697 1844 771 1900 “eius
793 1844 1033 1924 trupidationem,
1056 1849 1107 1908 de·

63 1927 159 1986 ductis
182 1925 308 2005 undique
334 1928 505 2005 praesidiis,
528 1935 672 2002 tamquam
693 1925 730 1984 de
755 1942 863 1986 summa
884 1945 981 1988 rerum
1004 1931 1108 1992 decre-

64 2018 162 2084 turus,
186 2010 301 2089 insequi
325 2011 432 2087 ooepit.
476 2008 519 2070 lta
535 2008 710 2068 consecutus
728 2009 848 2085 Scipio,
872 2010 949 2087 quod
969 2015 1107 2090 petierat,

63 2093 187 2153 nudatas
214 2092 480 2174 propugnatoribus
508 2090 598 2152 urbes
629 2111 683 2170 per
707 2090 889 2175 Masinissam
913 2102 943 2153 et
969 2094 1107 2159 Numidas

62 2196 97 2237 ce
120 2179 152 2237 it.
595 2196 598 2201 ·
737 2194 741 2199 ·

99 2194 117 2256 p
150 2261 180 2326 2.
225 2262 256 2321 P.
290 2260 444 2322 Cornelius
479 2252 776 2415 Saefintellecta
810 2257 981 2322 dilllcultate
1015 2281 1106 2342 enpu-

62 2344 170 2423 gnandi
191 2345 382 2423 Delminium,
403 2345 468 2424 quia
541 2345 618 2403 nium
640 2360 783 2403 concursu
806 2345 1034 2422 defendebatur,
1057 2347 1106 2408 ad·

62 2430 148 2506 gredi
175 2429 232 2490 alia
263 2432 372 2509 oppida
407 2429 519 2507 coepit;
552 2437 581 2488 et
610 2428 742 2487 evocatis
775 2428 811 2488 ad
846 2447 898 2489 sua
923 2430 1107 2493 defendenda

63 2512 203 2592 singulis,
222 2523 381 2599 ,vacuataq
396 2514 510 2593 auxiliis
531 2512 705 2573 Delminium
728 2513 816 2591 cepit.
853 2580 862 2593 ·

150 2596 179 2656 3.
222 2597 348 2672 Pyrrhus
366 2594 550 2676 Epirotarum
566 2614 620 2656 rex
634 2596 776 2655 adversus
792 2596 926 2672 illyrios,
949 2614 1014 2656 cum
1036 2599 1106 2658 civi·

63 2689 152 2740 tatem
180 2698 256 2759 quae
285 2691 372 2760 caput
398 2682 494 2758 gentis
522 2689 585 2740 erat
613 2680 751 2755 redigere
774 2681 802 2738 in
828 2688 1004 2758 potestatem
1026 2701 1107 2742 suam

64 2764 174 2840 vellet,
198 2767 261 2823 eius
283 2765 491 2847 desperatione
518 2773 634 2842 ceteras
657 2762 745 2822 urbes
770 2772 873 2841 petere
896 2766 1011 2842 coepit;
1037 2783 1106 2827 oon·

62 2856 242 2926 secutusque
271 2858 332 2925 est,
361 2857 392 2907 ut
419 2848 521 2908 hostes
546 2848 653 2929 liduoia
680 2845 762 2906 telut
787 2848 857 2907 satis
879 2849 1003 2908 munitae
1025 2849 1106 2910 urbis

63 2932 128 2992 eius
146 2932 182 2992 ad
197 2932 315 2992 tutelam
332 2932 450 2992 aliarum
466 2929 677 3005 dilaberentur:
702 2946 759 3005 quo
781 2929 859 2990 iacto
879 2933 1027 2992 revocatis
1042 2935 1107 3012 ipse

62 3026 164 3077 rursus
185 3015 315 3075 omnibus
336 3017 396 3074 suis
416 3032 538 3075 vacuam
559 3032 622 3073 eam
642 3011 846 3072 defensoribus
870 3016 957 3092 cepit.

149 3100 179 3159 4.
215 3097 370 3159 Cornelius
381 3098 501 3158 Rulinus
519 3097 640 3173 consul,
654 3113 717 3154 cum
729 3097 875 3174 aliquanto
888 3106 1021 3175 tempore
1034 3100 1106 3161 Cro·

63 3194 133 3244 tona
155 3183 294 3262 oppidum
320 3182 428 3242 frustra
456 3182 639 3255 obsedisset,
665 3181 744 3256 quod
766 3181 993 3258 inexpugnabile
1016 3184 1105 3244 iacie-

62 3267 113 3328 bat
135 3266 285 3346 adsumpta
311 3268 340 3326 in
368 3265 543 3346 praesidium
566 3263 744 3323 Lucanorum
766 3281 882 3340 manus,
906 3264 1050 3327 simulavit
1072 3287 1106 3328 se

61 3359 172 3430 coepto
199 3350 358 3419 desistere;
388 3350 533 3429 captivum
556 3348 661 3407 deinde
684 3363 789 3424 magno
810 3350 940 3426 praemio
965 3349 1104 3411 sollicita·
1131 3416 1135 3422 ,

62 3445 121 3495 tum
137 3436 214 3495 misit
229 3432 377 3511 Crotona,
402 3435 467 3512 qui,
491 3441 634 3510 tamquam
650 3449 688 3491 ex
704 3432 836 3493 custodia
851 3432 1113 3507 admissorum·

102 3555 221 3596 rnour.
246 3554 359 3598 sunan.
752 3608 765 3627 ⁶
888 3531 915 3587 ’ὓ
