2438 3848
85 182 145 243 130
420 191 496 241 surr.
519 191 608 240 mun
629 191 800 239 raourrm

172 346 241 407 116.
287 347 430 425 Superest
446 345 538 406 tutela
553 345 704 412 ductuum;
723 343 760 403 de
777 362 834 424 qua
850 344 1018 424 priusquam
1034 347 1136 407 dicere

84 433 237 509 incipiam,
260 448 355 509 pauca
375 430 412 490 de
432 429 557 505 familia,
582 446 657 507 quae
679 428 763 487 buius
782 431 825 488 rei
848 446 936 489 causa
954 440 1057 508 parata
1077 441 1133 507 est,

85 514 259 596 explicanda
280 523 355 574 sunt.
400 513 538 574 Familiae
561 521 627 571 sunt
646 513 739 587 duae,
767 513 859 573 altera
879 513 1013 592 publica,
1041 516 1134 576 altera

86 600 232 665 Caesaris.
278 598 396 658 Publica
427 606 473 657 est
495 598 654 674 antiquior;
683 614 767 674 quam
790 597 826 656 ab
849 596 981 677 Agrippa
1002 599 1135 661 relictam

4 728 8 734 -
84 687 220 761 Augusto
251 691 280 741 et
308 681 345 741 ab
377 697 413 740 eo
443 679 619 759 publicatam
641 680 780 739 diximus:
811 680 900 740 habet
922 683 1054 742 homines
1080 687 1134 746 cir·

86 771 160 829 citer
189 766 331 825 ducentos
361 764 561 842 quadraginta.
608 762 744 823 caesam
771 764 898 825 familiae
927 784 1064 826 numerus
1090 777 1135 828 est

86 850 362 931 quadringentorum
391 850 558 925 sexaginta;
594 865 679 926 quam
709 846 864 925 Claudius,
898 868 963 910 cum
988 870 1079 928 aquas
1107 854 1135 911 in

85 934 187 994 urbem
203 932 397 1009 perduceret,
419 933 576 991 constituit.
623 933 729 1011 (117.)
770 932 900 1012 Utraque
918 944 1013 994 autem
1029 936 1135 996 familia

86 1021 115 1090 in
136 1019 247 1096 aliquot
270 1017 493 1076 ministeriorum
515 1016 633 1094 species
656 1016 816 1092 diducitur,
847 1019 970 1094 vilicos,
1000 1022 1135 1106 castella·

87 1105 165 1177 rios,
198 1101 369 1175 circitores,
401 1100 562 1175 silicarios,
593 1109 723 1159 tectores
753 1101 886 1179 aliosque
912 1104 1046 1181 opifices.
1092 1105 1136 1164 Ex

87 1188 133 1247 bis
156 1185 271 1262 aliquos
294 1194 377 1257 extra
399 1184 500 1244 urbem
524 1200 591 1242 esse
615 1192 734 1262 oportet
756 1183 792 1243 ad
815 1203 866 1262 ea,
893 1205 969 1265 quae
991 1205 1050 1247 non
1071 1198 1136 1248 sunt

87 1287 210 1346 magnae
231 1268 405 1345 molitionis,
426 1277 566 1327 maturum
588 1276 683 1327 tamen
700 1269 837 1328 auxilium
851 1271 986 1330 videntur
1002 1274 1135 1349 exigere.

89 1354 197 1413 Omnes
214 1353 243 1411 iu
264 1351 337 1411 urbe
360 1352 439 1412 circa
459 1351 648 1411 castellorum
670 1361 700 1411 et
721 1370 871 1413 munerum
886 1356 1028 1414 stationes
1045 1373 1137 1436 opera

89 1455 224 1517 quaeque
253 1436 413 1512 urgebunt,
443 1436 593 1513 inprimis
616 1436 652 1495 ad
675 1435 787 1495 subitos
811 1455 915 1513 casus,
939 1434 975 1499 ⁴ut
998 1459 1035 1500 ex
1060 1458 1136 1500 com·

89 1519 222 1599 pluribus
242 1519 429 1596 regionibus,
456 1520 483 1577 in
505 1537 590 1596 quam
610 1521 774 1580 necessitas
797 1523 977 1600 incubuerit,
1005 1526 1137 1584 converti

89 1604 185 1683 possit
215 1602 391 1680 praesidium
424 1620 562 1680 aquarum
592 1603 792 1664 abundantius.
838 1605 907 1665 'l'am
936 1609 1061 1686 amplum
1089 1628 1137 1667 nn-

89 1704 199 1747 merum
222 1686 373 1762 utriusque
394 1685 537 1761 familiae,
561 1687 677 1745 solitum
700 1687 856 1748 ambitione
879 1700 927 1750 aut
948 1692 1138 1769 neglegentia

91 1769 326 1850 praepositorum
352 1771 381 1828 in
403 1769 515 1848 privata
538 1788 629 1848 opera
650 1770 761 1845 diduci,
791 1791 934 1834 revocare
954 1777 991 1836 ad
1013 1777 1138 1854 aliquam
1163 1772 1165 1774 ’

91 1854 271 1932 disciplinam
301 1862 330 1912 et
360 1852 475 1931 publica
501 1856 658 1914 ministeria
686 1857 724 1914 ita
752 1857 941 1935 instituimus,
972 1869 1003 1919 ut
1033 1861 1138 1939 pridie,

92 1938 159 2018 quid
186 1947 268 1998 esset
290 1947 406 2014 actura,
437 1938 627 2014 dictaremus,
659 1948 688 1998 et
714 1941 782 2017 quid
804 1959 921 2020 quoque
944 1945 991 2004 die
1016 1947 1139 2021 egisset,

92 2024 166 2083 actis
190 2021 498 2100 comprehenderetur.

180 2105 249 2167 118.
295 2104 455 2165 Commoda
482 2105 623 2184 publicae
655 2104 781 2166 familiae
811 2127 849 2168 ex
878 2113 992 2171 aerario
1021 2112 1139 2173 dantur:

93 2192 171 2269 quod
199 2190 373 2268 impendium
400 2199 576 2250 exoneratur
598 2189 784 2266 vectigalium
809 2194 902 2252 reditu
926 2196 962 2255 ad
985 2197 1031 2255 ius
1053 2215 1139 2276 aqua·

92 2293 155 2334 rum
177 2275 408 2352 pertinentium.>
434 2273 477 2333 lla
502 2282 636 2333 constant
661 2292 699 2332 ex
725 2274 817 2334 bortis
839 2276 1036 2356 aediliciisve,
1066 2300 1141 2359 quae

93 2367 158 2416 sunt
186 2358 264 2415 circa
289 2356 391 2415 ductus
413 2366 460 2415 aut
483 2358 614 2430 castella,
628 2366 677 2416 aut
698 2376 817 2419 munera
838 2370 887 2420 aut
909 2362 1000 2423 lacus.
1047 2363 1140 2437 Quem

92 2439 215 2500 reditum
239 2456 332 2517 prope
355 2441 555 2498 sestertiorum
580 2441 770 2523 ducentorum
792 2438 998 2523 quinquaginta
1021 2448 1139 2522 milium,

94 2524 248 2584 alienatum
271 2541 305 2582 ac
327 2528 448 2599 vagum,
474 2526 614 2602 proximis
636 2541 708 2584 vero
730 2528 912 2605 temporibus
934 2532 962 2588 in
985 2531 1141 2592 Domitiani

94 2608 210 2667 loculos
232 2624 422 2682 conversum,
445 2609 551 2667 iustitia
573 2608 639 2666 Divi
661 2609 778 2670 Nervae
794 2614 905 2689 populo
921 2617 1067 2692 restituit,
1091 2633 1141 2674 no·

95 2702 155 2752 stra
177 2692 316 2752 sedulitas
338 2691 374 2751 ad
397 2701 505 2751 certam
524 2692 655 2769 regulam
677 2694 808 2772 redegit,
833 2706 863 2757 ut
879 2708 1043 2776 constaret,
1067 2718 1141 2778 quae

95 2786 195 2835 essent
218 2776 253 2835 ad
277 2776 334 2835 hoc
355 2776 485 2852 vectigal
503 2777 678 2855 pertinentia
700 2777 777 2837 loca.
823 2777 959 2841 Caesaris
978 2783 1086 2843 familia
1106 2802 1142 2842 ex

95 2861 168 2919 lisco
199 2858 307 2938 accipit
333 2860 499 2928 commoda;
529 2861 606 2921 unde
636 2869 665 2920 et
694 2879 779 2922 omne
806 2864 952 2942 plumbum
979 2875 1009 2926 et
1040 2885 1143 2926 omnes

95 2946 246 3020 impensae
277 2943 313 3003 ad
343 2942 447 3002 ductus
479 2953 509 3002 et
540 2943 661 3004 castella
695 2953 725 3004 et
756 2946 837 3006 lacus
864 2947 1046 3026 pertinentes
1077 2969 1142 3011 ero-

95 3035 209 3102 gantur.

185 3109 254 3168 119.
299 3109 442 3181 Quoniam
469 3128 543 3188 quae
572 3110 744 3172 videbantur
772 3114 808 3174 ad
836 3111 972 3177 familiam
994 3120 1144 3196 pertinere

97 3193 304 3269 exposuimus,
334 3193 369 3252 ad
397 3194 515 3253 tutelam
544 3196 696 3271 ductuum,
728 3200 804 3257 sicut
827 3202 1073 3279 promiseramus,
1106 3203 1144 3264 di·

98 3283 263 3349 vertemus,
290 3293 353 3334 rem
376 3279 508 3337 enixiore
531 3298 599 3340 cura
619 3281 750 3356 dignam,
777 3300 841 3342 cum
862 3284 1066 3361 magnitudinis
1086 3286 1143 3346 llo·

98 3359 173 3418 mani
191 3359 305 3435 imperii
328 3358 356 3416 id
379 3363 566 3439 praecipuum
589 3366 626 3424 sit
647 3358 791 3424 indicium.
837 3366 925 3428 blulta
944 3377 1032 3446 atque
1050 3371 1145 3450 ampla

100 3461 191 3522 opera
213 3442 334 3502 subinde
354 3454 526 3521 nascuntur,
559 3447 663 3523 quibus
686 3458 751 3507 ante
774 3453 909 3510 succurri
925 3452 1031 3529 debet,
1061 3472 1145 3533 quam
