2438 3848
226 154 568 205 sunuuuannumoorr
592 156 662 204 nm.
675 157 711 203 11.
736 155 861 205 onan.
876 156 928 204 111.
1062 143 1102 204 33

56 319 189 372 tractam.
234 308 277 371 lta
306 309 461 386 cornibus,
492 310 596 390 quibus
623 312 687 390 ipse
713 309 920 388 praevalebat,
944 309 1102 370 infirmissi-

56 413 118 456 mas
139 395 266 455 hostium
288 404 388 472 partes
411 393 508 454 lunata
530 396 594 454 acie
617 394 775 472 adgressus
797 393 884 453 facile
907 393 988 458 indit.

141 479 173 538 5.
217 477 354 539 Metellus
373 480 402 537 in
414 470 570 557 Hispania,
593 495 631 538 eo
653 478 769 557 proelio
792 493 850 556 quo
865 477 1038 537 Hirtuleium
1052 475 1102 537 de·

56 563 144 637 vicit,
174 580 239 622 cum
261 563 456 640 comperisset
477 562 615 621 cohortes
636 563 715 637 eius,
739 578 814 640 quae
836 560 1033 621 validissimae
1050 578 1102 619 vo·

57 646 216 722 cabautur,
239 648 267 705 in
287 645 381 705 media
404 647 468 705 acie
491 646 620 721 locatas,
639 647 704 724 ipsc
727 645 850 705 mediam
871 660 988 704 suorum
1010 645 1104 704 aciem

56 729 191 805 reduxit,
213 747 251 788 ne
275 748 311 790 ea
336 738 418 808 parte
440 739 506 789 ante
529 747 593 788 curn
614 729 699 790 hoste
722 728 913 806 confligeret,
937 746 1023 808 quam
1038 745 1103 789 cor·

57 813 143 873 nibus
166 812 347 873 conflictatus
368 810 480 873 medios
501 813 627 891 undique
651 814 900 873 circumvenisset.

143 897 182 958 6.«
219 896 404 957 Artaxerxes
425 897 567 958 adversas
590 895 737 972 Graecos,
766 899 815 976 qui
836 897 956 957 Persida
978 891 1103 957 intrave-

57 990 139 1057 rant,
167 997 232 1040 cum
261 980 441 1041 multitudine
469 989 641 1060 superaret,
670 980 756 1041 latins
790 998 875 1059 quarn
908 981 1010 1041 hostes
1040 983 1104 1041 acia

59 1068 217 1141 instructa,
239 1066 268 1123 in
285 1064 382 1124 iroute
404 1067 530 1143 equitem
547 1065 701 1142 levemque
724 1073 896 1124 armaturam
914 1066 944 1122 in
965 1064 1104 1124 cornibus

58 1146 227 1210 conlocavit
248 1158 352 1226 atque,
372 1166 410 1208 ex
431 1149 569 1209 industria
585 1149 690 1208 lentius
709 1149 891 1226 procedente
912 1148 1007 1209 media
1028 1150 1104 1225 acie,

61 1234 167 1312 copias
188 1232 312 1292 hostiurn
334 1234 422 1292 cinxit
444 1232 619 1310 ceciditque.
1076 1225 1078 1229 ’

145 1316 174 1375 7.
221 1314 329 1376 Contra
346 1314 490 1375 Hannibal
520 1315 555 1376 ad
578 1313 691 1375 Cannas
717 1314 846 1375 reductis
876 1314 1011 1375 cornibus
1035 1332 1103 1393 prc-

59 1402 206 1478 ductaqne
230 1399 329 1467 ¹nredia
356 1401 420 1459 acie
443 1407 560 1460 nostros
584 1402 676 1478 primo
698 1401 806 1478 impetu
830 1400 979 1477 protrusit.
1023 1398 1104 1460 Idem

59 1492 199 1545 conserto
226 1483 360 1562 proelio,
385 1483 535 1566 paullatim
564 1485 687 1545 invicem
715 1482 893 1544 sinuantibus
917 1484 1104 1563 procedenti·

58 1567 175 1646 busque
197 1567 233 1627 ad
259 1576 450 1647 praeceptum
477 1568 631 1645 cornibus,
654 1569 739 1629 avide
767 1571 969 1646 insequentem
990 1569 1105 1629 hostem

59 1654 87 1711 in
108 1652 232 1712 medinm
252 1653 346 1711 aciem
368 1669 448 1711 sunm
467 1655 581 1731 recepit
601 1662 630 1713 et
652 1670 690 1713 ex
710 1664 834 1731 utraque
851 1662 934 1732 parte
955 1670 1104 1732 compres-

59 1753 122 1796 sum
145 1736 268 1810 cecidit,
293 1744 433 1794 veterano
450 1745 480 1795 et
501 1736 548 1796 diu
570 1737 677 1797 edocto
696 1756 763 1797 usus
784 1739 932 1797 exercitu:
952 1737 1009 1798 hoc
1029 1738 1105 1797 enirn

59 1820 366 1897 genus-ordinationis¹
385 1821 525 1898 exsequi,
547 1823 603 1881 nisi
624 1823 735 1899 peritus
758 1830 788 1882 et
810 1820 846 1881 ad
868 1838 953 1880 omne
976 1837 1103 1881 momon-

58 1914 117 1964 tum
139 1903 323 1982 respondens
343 1904 444 1979 miles,
468 1906 517 1964 vix
536 1913 643 1983 potest.

148 1985 177 2047 8.
221 1985 318 2047 Livius
348 1988 494 2048 Salinator
521 1998 550 2048 et
572 1986 710 2048 Claudius
733 1987 830 2063 Nero,
855 2006 920 2047 oum
942 1986 1105 2048 Hasdrubal

58 2070 143 2131 bello
171 2070 280 2131 Punico
306 2073 455 2148 secundo,
485 2072 654 2132 decertandi
684 2074 892 2131 necessitatem
917 2074 1045 2144 evitans,
1076 2074 1105 2130 in

60 2154 140 2214 colle
163 2155 341 2232 confragoso
362 2165 430 2234 post
450 2158 552 2216 vineas
574 2158 667 2216 aciem
690 2157 863 2228 direxisset,
886 2155 961 2234 ipsi,
981 2155 1104 2215 diductis

59 2239 89 2298 iu
107 2238 199 2299 latera
221 2239 345 2314 viribus,
365 2257 457 2300 vacua
479 2241 575 2300 fronte
598 2258 635 2299 ex
657 2250 780 2318 utraque
801 2249 885 2320 parte
907 2240 1105 2299 circumvene-

59 2330 127 2381 runt
147 2332 319 2400 sumatque
342 2326 381 2382 ita
401 2325 533 2400 adgressi
552 2334 772 2404 superaverunt.

146 2405 178 2468 9.
222 2405 380 2483 Hannibal,
406 2426 469 2467 curn
487 2409 689 2488 frequentibus
709 2410 831 2489 proeliis
851 2427 867 2468 a
888 2406 1010 2469 Claudio
1028 2407 1105 2468 blar-

59 2488 140 2550 cello
155 2499 359 2568 superaretur,
376 2494 593 2552 novissime-sic
611 2503 707 2553 castra
724 2493 901 2568 metabatur,
919 2504 949 2552 ut
964 2503 1011 2554 ant
1025 2509 1104 2550 uron-

59 2573 139 2634 tibus
148 2582 197 2632 aut
212 2574 366 2652 paludibus
388 2584 437 2635 aut
458 2577 542 2635 simili
559 2577 691 2637 locorum
708 2579 805 2657 aliqua
821 2580 1038 2656 opportunitate
1056 2575 1105 2635 ad·

60 2658 137 2716 lutus
150 2658 244 2717 aciem
256 2675 292 2718 eo
305 2658 392 2718 modo
409 2660 596 2734 conlocaret,
615 2671 661 2736 ut,
676 2661 858 2722 vincentibus
869 2662 985 2739 quidem
1000 2660 1105 2720 Roma·

58 2742 122 2816 nis,
146 2757 241 2819 paene
263 2742 426 2802 indemnem
439 2745 575 2821 recipere
590 2754 693 2822 posset
713 2747 785 2805 intra
802 2746 975 2805 munimenta
993 2745 1114 2804 anerei·

59 2832 136 2901 tum,
161 2825 333 2885 cedentibus
354 2836 466 2901 autem,
488 2828 611 2887 instandi
633 2828 756 2888 liberum
776 2829 899 2889 haberet
920 2829 1077 2889 arbitrium.

149 2907 199 2968 10.
243 2907 425 2988 Xanthippus
447 2910 695 2972 Lacedaemonius
724 2914 752 2971 in
780 2912 880 2973 Africa
903 2914 1043 2973 adversus
1066 2910 1105 2972 bl.

59 2991 180 3052 Atilium
200 2991 345 3070 Regulum
368 2994 466 3054 levem
488 3004 660 3054 armaturam
682 2997 711 3055 in
734 2999 825 3074 prima
846 2998 909 3056 acie
929 2998 1105 3070 conlocavit,

59 3077 88 3135 in
111 3075 242 3135 subsidio
262 3087 357 3137 autern
379 3077 469 3137 robur
491 3079 655 3146 exercitus;
678 3081 891 3159 praecepitque
906 3079 1105 3155 auxiliaribus,

58 3168 88 3219 ut
119 3162 253 3220 excussis
286 3162 354 3221 telis
378 3162 518 3222 cederent
545 3162 623 3221 hosti
653 3171 700 3238 et,
732 3181 796 3222 cum
825 3181 857 3223 se
888 3166 959 3226 intra
990 3183 1106 3226 suorum

59 3242 179 3303 ordines
197 3245 400 3324 recepissent,
424 3246 577 3305 confestim
594 3247 620 3304 in
638 3245 729 3306 latera
745 3248 943 3310 discurrerent
960 3260 990 3310 et
1006 3268 1022 3309 a
1041 3267 1106 3309 cor·

57 3327 143 3387 nibus
164 3342 266 3386 rursus
287 3339 475 3407 erumperent
491 3339 706 3410 exceptumque
724 3333 779 3394 iam
798 3333 913 3394 hostem
930 3353 946 3397 a
961 3333 1106 3394 robustio-

56 3410 150 3472 ribus·
161 3418 193 3470 et
211 3411 267 3490 ipsi
286 3414 453 3474 circuirent.

98 3531 219 3575 saona.
244 3531 358 3576 trena.
893 3516 921 3574 ‘t
