2438 3848
189 194 238 241 ou
260 194 378 254 nonan
400 195 574 246 oucumus
597 197 700 246 unum
722 199 843 248 nomeu
868 200 983 248 nunno.
1053 189 1110 250 131

56 366 165 426 magno
194 350 302 409 auxilio
330 368 422 427 egere
452 352 599 430 incipiant.
645 352 820 430 Plerumque
851 362 947 413 tamen
977 355 1112 433 prudenti

57 443 291 512 temperamento
319 436 500 503 sustinenda;
531 437 597 513 quia
619 455 677 496 uon
699 454 818 515 seraper
840 454 914 515 opus
939 447 988 498 aut
1010 440 1111 498 lacere

58 527 108 578 aut
130 518 271 596 ampliare
295 519 502 598 quaerentibus
525 520 702 580 credendum
729 530 784 580 est.
830 521 962 599 Ideoque
985 539 1043 581 non
1063 538 1111 580 so-

58 604 118 663 lum
142 603 263 662 scientia
282 604 459 681 peritorum,
481 603 535 663 sed
555 613 584 663 et
605 606 728 682 proprio
747 624 801 665 usu
818 615 936 665 curator
951 600 1111 666 instructus

60 703 129 746 esse
159 686 262 761 debet,
297 706 353 746 nec
381 706 452 747 suae
479 697 586 747 tantum
615 690 748 748 stationis
775 689 945 750 architectis
967 691 1023 764 uti,
1057 689 1112 749 sed

58 771 184 850 plurium
214 771 363 830 advocare
391 788 448 830 non
477 773 568 830 minus
596 772 699 847 fidem,
733 791 819 850 quam
846 774 1051 848 subtilitatem,
1082 783 1111 832 ιιι

58 855 211 926 aestimet,
234 866 309 932 quae
333 856 597 932 repraesentanda,
622 874 696 933 quae
719 858 878 917 differenda
900 859 974 933 sint,
998 867 1027 916 et
1048 876 1110 916 rur·

59 957 127 1014 sus,
158 957 233 1017 quae
256 957 311 1016 per
334 938 537 1016 redemptores
563 940 641 998 ellici
663 940 806 1016 debeant,
834 960 908 1019 quae
934 960 989 1021 per
1011 943 1109 1001 dome‘·

58 1024 152 1082 sticos
186 1024 324 1082 artifices.
377 1022 483 1102 (120.)
527 1021 693 1082 Nascuntur
726 1042 818 1101 opera
850 1043 887 1083 ex
921 1025 966 1084 his
996 1027 1109 1086 causis:

58 1116 107 1167 aut
128 1107 196 1184 quid
219 1116 365 1166 vetustate
392 1109 602 1185 corrumpitur,
630 1117 679 1166 aut
700 1109 868 1185 impotentia
890 1125 1108 1186 possessorum,
1138 1173 1142 1177 ,

58 1199 109 1250 aut
132 1192 160 1249 vi
180 1199 402 1268 tempestatum,
432 1201 479 1250 aut
502 1192 589 1269 culpa
611 1191 687 1250 male
709 1191 779 1251 iacti
800 1193 917 1269 operis,
942 1193 1021 1269 quod
1044 1210 1109 1251 sae·

58 1277 125 1354 pius
154 1276 260 1335 accidit
285 1277 313 1334 in
335 1275 513 1339 recentibus.
560 1274 667 1354 (121.)
713 1274 788 1334 Fere
816 1285 865 1335 aut
890 1285 1037 1335 vetustate
1061 1285 1109 1334 aut

58 1361 88 1417 vi
119 1368 322 1436 tempestatum
357 1368 456 1438 partes
485 1360 619 1418 ductuum
646 1359 794 1433 laborant,
831 1377 906 1438 quae
936 1359 1109 1419 arcuationi·

57 1444 114 1503 bus
136 1445 313 1502 sustinentur
334 1452 382 1516 aut
403 1445 541 1503 montium
565 1443 705 1502 lateribus
728 1443 892 1522 adplicatae
916 1453 998 1518 sunt,
1022 1452 1110 1502 etex
1140 1519 1144 1527 Ι

58 1528 275 1587 arcuationibus
312 1546 383 1604 eae,
425 1546 499 1606 quae
528 1545 583 1606 per
612 1527 718 1587 llumen
746 1529 926 1587 traiciuntur.
977 1528 1108 1605 ideoque

57 1613 133 1671 haec
156 1629 248 1689 opera
273 1612 400 1672 sollicita
423 1613 610 1673 festinatione
634 1612 808 1690 explicanda
830 1622 906 1672 sunt.
949 1613 1042 1673 Minus
1067 1614 1108 1669 in·

57 1697 150 1755 iuriae
172 1696 324 1757 subiacent
346 1696 552 1773 subterranea,
575 1715 631 1756 nec
652 1698 798 1773 gelicidiis
818 1716 874 1756 nec
893 1697 1041 1757 caloribus
1058 1715 1108 1754 ex-

59 1782 164 1859 posita.
209 1780 285 1840 Vitia
315 1790 408 1839 autem
437 1782 578 1841 eiusmodi
606 1790 687 1856 sunt,
716 1791 747 1841 ut
770 1790 898 1840 autnon
921 1781 1108 1858 interpellato

57 1881 152 1942 aquae
169 1883 254 1923 cursu
272 1864 458 1923 subveniatur
474 1867 534 1939 eis,
551 1874 598 1923 aut
615 1864 761 1922 emendari
777 1865 831 1922 nisi
847 1882 952 1922 averso
969 1881 1027 1922 non
1038 1880 1108 1941 pos·

58 1950 126 2020 sint,
144 1950 219 2007 sicut
235 1965 280 2022 ea,
299 1965 373 2024 quae
389 1948 417 2004 in
428 1949 493 2024 ipso
508 1947 593 2006 alveo
607 1948 670 2005 lieri
684 1964 810 2006 necesse
823 1956 878 2006 est.
904 1945 1010 2025 (122.)
1026 1946 1109 2005 Haec

58 2031 168 2109 duplici
192 2050 229 2089 ex
254 2048 340 2089 causa
361 2040 533 2089 nascuntur:
558 2039 605 2093 aut
628 2031 702 2088 enim
720 2030 788 2088 limo
805 2039 1035 2103 concrescente,
1060 2031 1109 2107 qui

56 2116 201 2175 interdum
229 2116 256 2171 in
286 2123 413 2172 crustam
444 2115 624 2187 indurescit,
657 2115 714 2172 iter
742 2130 835 2189 aqurae
863 2122 1026 2178 coartatum
1060 2121 1109 2171 aut

56 2199 182 2259 tectoria
202 2207 438 2275 corrumpuntur,
462 2199 538 2257 unde
555 2197 624 2255 liunt
641 2198 836 2273 manationes,
861 2197 966 2274 quibus
981 2214 1108 2255 necesse

58 2288 104 2343 est
133 2282 225 2341 latera
250 2283 377 2341 rivorum
406 2291 435 2341 et
464 2281 696 2342 substructiones
727 2281 830 2340 vitiari.
882 2280 961 2340 Pilae
989 2297 1108 2359 quoque

57 2370 142 2446 ipsae
166 2367 227 2426 tolo
252 2376 421 2427 exstructae
444 2367 496 2427 sub
514 2375 571 2426 tam
587 2382 692 2443 magno
709 2383 799 2425 onere
816 2364 959 2425 labuntur.
1001 2364 1107 2437 Redci,

58 2470 135 2529 quae
158 2453 234 2511 circa
257 2453 360 2511 alveos
381 2462 447 2511 sunt
461 2453 613 2528 rivorum,
643 2460 755 2510 aestate
777 2467 834 2509 non
858 2449 982 2525 debent,
1006 2468 1042 2508 ne
1066 2451 1108 2507 in·

57 2538 230 2595 termittatur
245 2555 314 2596 usus
330 2546 480 2616 tempore,
500 2553 558 2614 quo
574 2537 734 2614 praecipue
750 2535 947 2601 desideratum
970 2534 1023 2593 sed
1036 2549 1108 2591 vere

57 2619 107 2680 vel
130 2630 284 2695 autumno,
313 2631 342 2680 et
364 2624 486 2681 maxima
510 2638 573 2679 cum
595 2620 798 2692 festinatione,
830 2627 877 2693 ut,
907 2618 1021 2676 scilicet
1040 2626 1107 2676 ante

57 2704 241 2782 praeparatis
271 2704 418 2781 omnibus,
451 2724 536 2783 quam
562 2704 743 2783 paucissimis
772 2701 875 2761 diebus
902 2702 956 2758 rivi
977 2709 1106 2766 cessent.

56 2784 209 2847 Neminem
232 2787 322 2862 fugit,
346 2807 399 2866 per
420 2788 553 2866 singulos
575 2787 678 2847 ductus
695 2786 753 2845 hoc
771 2803 839 2844 esse
858 2784 1038 2858 iaciendum,
1058 2800 1106 2857 ne,

57 2876 82 2931 si
103 2871 204 2951 plures
226 2871 336 2949 pariter
354 2881 537 2947 avertantur,
561 2872 640 2935 desit¹
653 2888 727 2947 aqua
745 2869 863 2928 civitati.
910 2866 1016 2946 (123.)
1051 2865 1106 2940 Ea,

57 2974 133 3035 quae
163 2972 220 3014 non
251 2955 438 3033 interpellato
469 2973 562 3033 aquae
593 2973 679 3015 cursu
712 2954 790 3012 ellici
822 2952 948 3025 debent,
983 2952 1107 3010 maxime

57 3049 203 3099 structura
227 3047 376 3111 constant,
407 3057 490 3116 quam
513 3049 543 3098 et
566 3041 625 3097 suis
647 3036 827 3114 temporibus
851 3044 880 3095 et
902 3035 1019 3094 fidelem
1042 3036 1106 3094 fieri

57 3133 186 3202 oportet.
231 3124 370 3183 idoneum
393 3132 556 3182 structurae
578 3132 690 3200 tempus
706 3130 751 3180 est
767 3139 783 3181 a
798 3120 937 3180 Kalendis
954 3119 1105 3198 Aprilibus

57 3212 85 3268 in
106 3207 254 3268 Kalendas
276 3207 477 3267 Novembres:
500 3208 539 3266 ita
561 3215 592 3266 ut
616 3206 753 3283 optimum
772 3207 809 3264 sit
830 3205 1020 3264 intermittere
1042 3222 1106 3262 eam

57 3301 170 3372 partem
192 3293 329 3366 aestatis,
354 3309 430 3372 quae
452 3291 544 3350 nimiis
568 3289 715 3349 caloribus
731 3290 926 3356 incandescit;
951 3290 1016 3366 quia
1034 3297 1104 3347 tem·
1187 3318 1210 3354 .-

57 3388 228 3454 pcramento
252 3378 330 3437 coeli
352 3394 426 3456 opus
449 3383 563 3449 est,-ut
584 3391 622 3433 ex
644 3374 764 3434 humore
786 3373 938 3435 commode
961 3380 1105 3430 structura

56 3460 204 3522 combibat
219 3471 248 3522 et
263 3463 291 3520 in
306 3463 415 3522 unitate
432 3459 651 3521 corroboretur.
698 3458 763 3519 Non
778 3461 870 3519 minus
887 3466 1002 3529 autem,
1020 3471 1109 3527 <pram

857 3554 905 3616 (δὴ
