2438 3848
225 169 566 220 trnunsonuanrcom
589 169 659 217 nra.
673 170 709 217 11.
735 170 811 218 car.
828 171 878 218 ιιι.
891 172 937 219 ru.
1062 156 1102 218 37

141 323 193 384 23.
239 323 402 403 Imperator
430 322 541 384 Caesar
567 323 750 384 Domitianus
778 323 927 400 Augustus
955 325 1102 385 Germani-

56 426 124 484 cus,
141 425 208 466 eum
222 408 345 469 subinde
361 407 437 468 Gatti
457 417 595 487 equestre
612 408 756 486 proelium
773 409 802 466 in
818 407 907 466 silvas
928 407 1101 484 refugiendo

56 492 246 567 diducerent,
272 493 355 551 iussit
384 509 454 552 suos
480 494 612 570 equites,
644 490 727 551 simul
760 491 796 550 ad
825 491 961 568 impedita
985 501 1102 550 ventum
1194 537 1196 540 .

56 584 152 650 esset,
174 576 258 652 equis
278 575 397 635 desilire
420 576 611 654 pedestrique
634 592 731 654 pugna
748 574 918 651 confligere.
965 573 1031 647 Quo
1049 593 1101 651 ge·

55 677 126 718 nere
146 666 324 718 consecutus
340 667 401 733 est,
419 677 456 717 ne
468 660 533 738 quis
550 676 608 718 non
623 659 682 718 loci
694 659 756 717 eius
772 659 924 718 victoriam
938 659 1100 718 miraretur.

140 741 194 802 24.
240 738 274 801 C.
296 740 424 817 Duilius,
454 761 518 802 cnm
539 742 652 802 videret
678 760 785 819 graves
806 760 874 802 suas
895 760 986 802 naves
1008 741 1100 800 mobi-

56 827 135 887 litate
154 825 282 886 Punicaa
306 826 409 885 classis
433 826 510 886 eludi
531 828 703 903 inritamque
730 827 865 885 virtutem
886 826 1004 886 militum
1026 827 1101 900 lieri,

56 911 237 986 excogitavit
252 927 352 968 manus
370 909 500 978 lerreas;
524 928 599 988 quae
620 910 670 969 ubi
689 909 824 969 hostilem
846 908 1102 988 adprehenderunt

55 1012 176 1069 navem,
194 994 363 1070 superiecto
381 1002 470 1071 ponte
487 992 757 1071 transgrediebatur
773 993 921 1054 Romanus
936 1003 965 1053 et
980 996 1007 1052 in
1022 997 1100 1072 ipso·

56 1097 116 1138 rum
135 1076 249 1137 ratibus
271 1078 429 1137 comminus
449 1077 551 1137 hostes
571 1075 743 1137 trucidabat.

462 1241 614 1303 CAPUT
633 1241 688 1302 lV.

301 1354 349 1420 nb
370 1373 452 1429 acra
472 1373 631 1427 nouarum
653 1373 855 1421 saurauer.

144 1495 171 1553 i.
216 1493 348 1573 Papirius
371 1491 481 1553 Cursor
500 1494 576 1553 lilius
599 1494 720 1570 consul,
744 1513 808 1554 cum
824 1511 920 1572 aequo
937 1493 1028 1554 llarte
1051 1495 1100 1555 ad·
1151 1533 1152 1536 =

55 1596 161 1638 versus
173 1576 336 1638 obstinatos
349 1579 493 1638 Samnites
510 1588 716 1654 concurreret,
734 1578 933 1656 ignorantibus
946 1581 1006 1638 suis
1016 1595 1101 1659 prae·

57 1663 138 1740 cepit
164 1662 216 1740 Sp.
239 1660 362 1736 Nautio,
391 1671 421 1721 ut
448 1664 533 1741 pauci
561 1663 657 1723 alares
684 1672 714 1722 et
741 1680 904 1741 agasones,
927 1664 1011 1723 mulis
1033 1663 1100 1721 insi·

56 1745 161 1805 dentes
188 1763 344 1824 ramosque
372 1763 426 1824 per
454 1755 560 1807 terram
589 1748 754 1822 trahentes,
780 1764 797 1806 a
826 1746 904 1807 colle
932 1755 1101 1805 transverso

56 1845 162 1905 magno
192 1829 312 1893 tumultu
340 1829 548 1910 decurrerent:
576 1831 680 1909 quibus
704 1830 871 1908 prospectis
898 1830 1101 1907 proclamavit,

56 1915 200 1972 victorem
221 1913 328 1973 adesse
351 1914 511 1991 collegam;
535 1921 714 1993 occuparent
734 1914 790 1991 ipsi
812 1914 979 1991 praesentis
994 1913 1101 1990 proelii
1123 1938 1138 1968 ·,

56 1997 192 2074 gloriam.
238 1996 303 2069 Quo
318 1997 397 2058 lacto
409 1997 546 2058 Romanis
560 1998 664 2057 fiducia
680 1998 848 2072 concitatis,
866 1996 1009 2055 Samnites
1028 2013 1100 2073 prae

56 2080 182 2159 pulvere
204 2081 334 2159 perculsi
355 2081 446 2159 terga
462 2091 590 2140 vertere.

142 2163 173 2225 2.
218 2164 325 2225 Fabius
345 2164 485 2225 Maximus
501 2164 604 2224 Rullus
627 2173 730 2242 quarto
755 2163 907 2224 consulatu
927 2164 954 2221 in
971 2163 1099 2237 Samnio,

57 2250 136 2308 omni
163 2249 252 2309 modo
278 2249 386 2308 frustra
414 2258 535 2309 conatus
562 2249 654 2308 aciem
675 2247 799 2308 hostium
821 2265 1028 2327 perrumpere,
1048 2264 1119 2326 no·,

55 2333 176 2392 vissime
200 2333 329 2392 hastatos
356 2332 491 2393 subduxit
520 2333 668 2394 ordinibus
697 2342 727 2392 et
753 2350 817 2392 cum
838 2332 977 2412 Scipione
1000 2332 1100 2410 legato

56 2433 111 2476 suo
130 2410 317 2476 circummisit
333 2418 472 2496 iussitque
489 2417 596 2477 collem
613 2435 741 2496 capere,
765 2435 802 2476 ex
821 2434 880 2496 quo
901 2417 1016 2477 decurri
1037 2424 1100 2495 pot-

55 2509 121 2559 erat
136 2500 166 2559 in
181 2500 306 2560 hostium
321 2509 414 2577 terga.
460 2499 611 2574 Quod-ubi
630 2502 735 2561 lactum
762 2511 825 2578 est,
848 2499 986 2561 Romauris
1007 2502 1102 2560 crevit

56 2585 168 2642 animus
191 2592 221 2643 et
243 2585 386 2644 Samnites
404 2587 551 2662 perterriti
574 2585 671 2662 lugam
693 2585 848 2645 molientes
871 2586 952 2644 eaesi
973 2594 1048 2643 sunt.

142 2667 173 2728 3.
217 2666 357 2738 Minucius
378 2667 471 2727 liuius
489 2669 667 2747 imperator,
691 2687 755 2728 cum
777 2670 977 2730 aScordiseis
998 2669 1101 2730 Dacis·

55 2769 114 2830 que
140 2760 341 2829 premeretur,
370 2751 474 2831 quibus
504 2755 596 2832 impar
624 2762 688 2813 erat
707 2771 844 2829 numero,
873 2755 1021 2832 praemisit
1044 2753 1101 2812 ira-

55 2842 183 2895 tremet
205 2852 317 2913 paucos
338 2837 453 2913 equites
476 2855 532 2897 una
561 2855 625 2896 oum
650 2838 855 2897 aeneatoribus
876 2838 1101 2916 praecepitque,

55 2928 101 2995 ut,
127 2935 192 2978 cum
212 2920 334 2978 vidisset
355 2929 534 2980 contractum
557 2920 717 2999 proelium,
737 2920 849 2981 subitus
869 2939 907 2981 ex
929 2922 1047 2981 diverso
1068 2939 1102 2979 se

54 3001 228 3063 ostenderet
242 3002 414 3081 iuberetque
427 3013 602 3064 aeneatores
618 3005 785 3064 concinere.
830 3005 1006 3067 Sonantibus
1021 3022 1101 3064 mou·

54 3088 123 3147 tium
149 3087 243 3164 iugis,
265 3089 385 3165 species
410 3088 536 3164 ingentis
556 3088 742 3160 multitudiuis
762 3087 866 3149 obfusa
890 3097 935 3148 est
956 3089 1101 3164 hostibus,

54 3189 111 3250 qua
132 3172 283 3250 perterriti
302 3170 412 3230 dedere
435 3180 529 3249 terga.

137 3256 169 3315 4.
216 3253 328 3314 Acilius
341 3254 460 3315 Glabrio
476 3256 579 3316 consul
594 3257 734 3316 adversus
750 3255 887 3316 Antiochi
901 3259 982 3334 regis
997 3257 1100 3329 aciem,

54 3357 137 3418 quam
166 3339 192 3397 is
218 3341 248 3398 in
271 3338 383 3399 Achaia
410 3357 465 3418 pro
495 3341 634 3418 angustiis
658 3339 918 3418 Thermopylarum
942 3340 1101 3411 direxerat,

53 3421 255 3504 iniquitatibus
282 3422 341 3483 loci
365 3440 424 3483 non
445 3425 546 3484 inritus
566 3431 673 3486 tantum
693 3427 746 3486 sed
767 3443 831 3486 cnm
853 3424 969 3484 iactura
984 3440 1111 3498 quoque
