2438 3848
79 178 98 236 6
414 186 489 234 sux.
508 186 595 234 tucn
615 185 785 234 suonam

165 341 213 401 12.
236 339 373 401 Metellus
396 343 425 400 in
445 341 584 419 Hispania
609 343 823 417 interrogatus,
847 337 916 417 quid
939 346 1059 415 postera
1077 337 1123 397 die

78 426 207 486 laeturus
231 436 327 501 esset,
351 427 475 486 tunicam
495 443 604 501 meam,
634 427 659 485 si
686 425 715 484 id
744 423 843 503 eloqui
871 431 990 501 posset,
1022 423 1125 500 inquit,¹

79 509 291 569 comburerem.
426 566 428 570 Α

166 595 214 654 13.
237 593 276 652 Μ.
289 593 414 652 Licinius
428 590 553 651 Crassus
571 592 770 669 percontanti,
795 607 852 668 quo
869 599 1003 668 tempore
1027 600 1123 650 castra

79 687 209 737 moturus
232 686 329 752 esset,
352 676 519 754 respondit:
542 675 680 750 Veseris,
713 694 749 734 ne
772 674 871 734 tubam
892 692 948 733 non
972 675 1121 734 exaudias.

496 908 645 970 CAPUT
671 909 707 969 ll.
767 950 769 954 -

247 1043 294 1088 nu
315 1037 570 1088 nxruonxums
587 1039 759 1087 oonsmns
783 1039 951 1087 nosrruu.

168 1183 194 1238 l.
219 1181 318 1258 Scipio
341 1180 513 1254 Africanus,
534 1188 620 1257 capta
649 1179 807 1239 occasione
830 1177 986 1237 mittendae
1008 1177 1045 1236 ad
1069 1178 1122 1251 Sy·

80 1266 203 1344 phacem
225 1265 398 1341 legationis,
429 1281 493 1323 eum
516 1263 617 1323 Laelio
647 1280 799 1322 servorum
819 1262 918 1321 habitu
940 1259 1072 1320 tribunos
1095 1270 1124 1320 et

82 1351 267 1408 centuriones
291 1348 519 1410 electissimos
511 1366 554 1406 ire
582 1349 683 1422 iussit,
709 1340 848 1425 quibus
838 1364 925 1406 curae
949 1354 1031 1405 esset
1056 1363 1122 1423 per·

81 1434 197 1510 spicere
221 1433 319 1507 regias
340 1433 430 1495 vires
473 1431 525 1506 Hi,
548 1449 605 1509 quo
625 1430 745 1490 liberius
763 1440 924 1490 castrorum
947 1430 1123 1507 positionem

81 1524 293 1589 scrutarentur,
318 1533 424 1594 equum
447 1516 483 1575 de
505 1515 814 1575 industriadimissum
838 1522 982 1591 tamquam
1009 1513 1122 1590 fugien-

80 1609 139 1659 tem
160 1601 338 1677 persectati,
361 1599 512 1659 maximam
534 1609 647 1677 partem
673 1600 910 1658 munimentorum
932 1599 1122 1657 circuierunt:

81 1701 156 1761 quae
180 1701 242 1741 cum
267 1682 460 1759 nuntiassent,
484 1683 619 1743 incendio
640 1683 805 1743 coniectum
829 1692 874 1741 est
896 1682 1015 1740 bellum.

167 1766 195 1825 2.
220 1765 256 1839 Q.
280 1764 386 1825 Fabius
405 1767 546 1827 Maximus
568 1767 648 1827 bello
661 1766 804 1841 Etrusco,
825 1785 888 1826 cum
909 1765 1003 1825 adhuc
1023 1767 1123 1841 incog-

80 1850 158 1909 nitae
178 1851 274 1909 forent
292 1849 429 1910 Romanis
446 1852 567 1930 ducibus
586 1853 756 1928 sagaciores
777 1848 949 1928 explorandi
968 1851 1050 1923 viae,
1066 1851 1123 1908 lra-

81 1943 154 1992 trem
182 1933 301 1994 Fabium
331 1933 512 2011 Kaesonem,
547 1938 670 2014 peritum
705 1935 822 2011 linguae
852 1933 1012 2008 Etruscae,
1039 1934 1123 1992 iussit

82 2017 179 2076 Tusco
209 2018 306 2078 habitu
341 2029 498 2117 penetrare
524 2019 672 2079 Ciminiam
705 2019 823 2093 silvam,
859 2019 1026 2077 intentatam
1056 2025 1122 2088 ante

80 2101 161 2161 militi
182 2113 293 2162 nostro.
339 2102 455 2176 Quod
447 2123 471 2162 rs
494 2104 568 2163 adeo
590 2104 750 2181 prudenter
768 2111 856 2181 atque
878 2101 1018 2161 industrie
1041 2101 1122 2174 iecit,

80 2195 111 2244 ut
130 2195 331 2263 transgressus
351 2188 452 2248 silvam
474 2187 599 2247 Umbros
623 2185 792 2262 Camertes,
819 2204 883 2245 cum
904 2185 1123 2245 animadvertis·

81 2279 127 2328 set
148 2288 206 2329 non
228 2271 340 2331 alienos
364 2272 470 2331 nomini
488 2271 636 2345 Romano,
661 2270 697 2329 ad
714 2272 887 2329 societatem
912 2269 1095 2347 compulerit.

166 2355 195 2414 3.
220 2352 495 2431 Carthaginienses,
520 2373 584 2415 cum
606 2354 877 2414 animadvertissent
900 2354 1062 2412 Alexandri
1086 2353 1123 2410 ita

80 2456 200 2514 magnas
220 2455 309 2516 opes,
331 2446 362 2496 ut
389 2437 509 2497 Africae
542 2457 659 2516 quoque
683 2439 860 2514 immineret,
887 2446 973 2496 unum
992 2455 1030 2496 ex
1053 2437 1122 2496 civi·

79 2521 151 2597 ltus,
174 2522 266 2581 virum
292 2539 390 2581 acrem
411 2523 526 2582 nomine
553 2522 747 2582 Hamilcarem
769 2523 949 2596 Rhodinum,
978 2523 1124 2580 iusserunt

80 2606 215 2665 simulato
246 2604 352 2664 exsilio
380 2607 423 2664 ire
453 2607 488 2665 ad
518 2625 620 2683 regem
646 2608 782 2684 omnique
805 2606 899 2666 studio
926 2607 953 2664 in
971 2605 1124 2664 amicitiam

81 2692 143 2750 eius
163 2689 335 2767 pervenire:
360 2707 415 2767 qua
430 2690 454 2748 is
472 2693 595 2768 potitos,
620 2691 741 2751 consilia
763 2691 825 2750 eins
847 2700 914 2749 nota
932 2689 1045 2749 civibus
1063 2689 1122 2747 suis

79 2773 218 2833 faciebat.

165 2857 195 2915 4.
218 2855 308 2916 lidem
331 2852 587 2934 Carthaginienses
610 2861 764 2932 miserunt,
787 2858 835 2936 qui
854 2875 909 2935 per
930 2857 1063 2935 speciem
1083 2855 1123 2915 le·

80 2949 214 3082 gaptorum
230 2940 320 3016 longo
333 2948 465 3020 tempore
478 2943 589 3002 Romae
608 2951 789 3003 morarentur
806 2943 1039 3020 exciperentque
1056 2958 1124 3000 con·

82 3027 106 3082 si
120 3025 146 3083 ia
169 3032 344 3082 nostrorum.

167 3107 196 3168 5.
221 3105 260 3170 Μ.
285 3105 358 3167 Cato
381 3108 408 3167 in
432 3108 583 3189 Hispania,
609 3111 675 3208 quia
700 3109 735 3168 ad
763 3107 888 3168 hostium
914 3107 1036 3167 consilia
1069 3107 1123 3166 alia

81 3190 129 3249 via
150 3193 305 3267 pervenire
326 3209 384 3251 nou
405 3204 557 3271 potuerat,
577 3195 659 3254 iussit
680 3203 829 3252 trecentos
842 3193 947 3252 milites
968 3192 1083 3250 simul
1076 3210 1124 3250 ιιιι-

81 3283 180 3373 petum
202 3274 336 3336 iacere
328 3295 356 3336 m
381 3280 534 3337 stationem
557 3279 682 3337 hostium
710 3286 883 3355 raptumque
909 3294 995 3336 unum
1017 3294 1055 3335 ex
1080 3275 1125 3334 lais

16 3370 40 3437 pr,
81 3361 109 3417 in
133 3368 228 3418 castra
250 3361 384 3440 perlerre
406 3362 588 3422 incolumem.
634 3360 740 3421 Torius
760 3362 810 3421 ille
831 3363 925 3422 omnia
942 3377 1061 3419 suorum
1081 3377 1125 3419 ar·

82 3461 153 3504 cana
176 3444 330 3505 confessus
355 3454 410 3504 est.
