2438 3848
87 177 147 241 132
419 157 497 240 snx.
514 189 603 238 mun
628 147 800 238 nnounmu

84 346 147 421 sol,
177 345 275 405 acrior
304 343 416 421 gelatio
445 345 590 423 praecipit
610 345 774 402 materiam:
804 359 861 400 nec
883 339 974 401 ullum
996 357 1072 419 opus
1095 340 1135 400 di·

83 431 271 507 ligentiorem
294 432 390 507 poscit
413 446 527 503 curarn,
555 445 639 505 quam
662 426 740 505 quod
762 442 857 503 aquae
877 424 1058 485 obstaturam
1080 434 1134 483 est.

84 514 173 574 Fides
196 516 293 591 itaque
317 514 380 572 eius
398 531 452 593 per
473 512 587 588 singula
609 511 768 570 secundum
790 509 904 586 legem,
928 518 1024 568 notam
1045 510 1135 567 omni·

84 599 139 659 bus
162 598 216 658 sed
241 617 256 657 a
279 599 381 676 paucis
403 596 607 670 observatam,
635 595 780 671 exigenda
803 602 858 652 est.
909 592 1016 671 (124.)
1062 592 1136 652 Illud

84 682 156 742 nulli
184 682 299 741 dubium
329 698 397 739 esse
426 678 617 754 crediderim,
645 681 796 757 proximos
819 678 938 751 ductuS,
966 677 995 737 id
1018 686 1065 735 est
1088 676 1135 754 qui

85 784 102 826 a
124 780 175 824 vu
195 765 318 824 miliario
342 764 440 841 lapide
460 763 600 840 quadrato
624 765 803 836 consistunt,
825 763 950 820 maxime
969 760 1135 820 custodien-

85 851 156 923 dos,
180 848 313 926 quoniam
338 857 367 906 et
389 847 558 925 amplissimi
581 848 768 924 operissent
790 855 820 905 et
841 845 943 923 plures
965 862 1056 923 aquas
1080 845 1135 902 sin·

86 934 147 1010 guli
171 933 327 990 sustinent:
352 948 427 1008 qnos
449 932 474 989 si
496 948 623 989 necesse
643 931 731 990 luerit
746 933 974 1007 interrumpere,
997 930 1136 987 maiorem

85 1025 197 1096 partem
219 1033 358 1093 aquarum
379 1015 460 1074 urbis
483 1015 650 1074 destituent.
695 1014 835 1073 Remedia
856 1023 951 1073 tamen
966 1021 1032 1072 sunt
1050 1012 1136 1071 ethis

87 1100 321 1162 difficultatibus:
345 1099 510 1159 inchoatum
532 1101 677 1158 excitatur
691 1099 728 1158 ad
744 1098 847 1157 libram
864 1097 1028 1157 deliciantis
1043 1097 1136 1161 alvei;

86 1186 112 1244 is
133 1201 205 1244 vero
224 1183 381 1262 plumbatis
402 1182 551 1243 canalibus
570 1201 625 1259 per
643 1185 767 1260 spatium
785 1183 937 1259 interrupti
954 1182 1058 1241 ductus
1076 1198 1137 1239 rur·

87 1288 137 1329 sus
160 1270 353 1327 continuatur.
398 1267 490 1326 Porro
514 1268 649 1344 quoniam
671 1266 736 1326 lere
754 1283 854 1333 omnes
876 1283 984 1343 specus
1005 1283 1060 1343 per
1080 1265 1136 1343 pri·

87 1362 219 1412 vatorum
247 1368 336 1428 agros
365 1352 469 1411 directi
500 1360 599 1426 erant,
629 1360 659 1411 et
687 1351 815 1410 diflicilia
843 1349 996 1410 videbatur
1023 1349 1137 1409 futurae

88 1437 238 1514 impensae
267 1436 472 1513 praeparatio,
505 1436 560 1493 nisi
581 1444 611 1494 et
633 1435 730 1513 alique
750 1435 822 1508 iuris
842 1436 1050 1494 constitutione
1073 1450 1137 1492 suc·

88 1527 272 1593 curreretur,
296 1518 379 1576 simul
402 1536 438 1577 ne
453 1536 577 1578 accessu
594 1519 630 1579 ad
645 1519 821 1578 reliciendos
836 1520 918 1578 rivos
932 1517 1138 1596 redemptores

88 1620 105 1662 a
128 1601 351 1679 possessoribus
374 1601 615 1680 prohiberentur,
638 1602 938 1663 senatusconsultum
958 1602 1137 1676 factumest,

91 1685 170 1764 quod
193 1683 316 1742 subieci.
401 1707 404 1710 ⁴

177 1767 247 1829 125.
294 1780 390 1842 ouon
423 1781 457 1840 Q.
488 1782 613 1830 nunnus
645 1783 807 1849 suanno,
843 1781 978 1830 rannus
1013 1782 1138 1830 nasius

89 1864 250 1914 MAXIMUS
272 1865 365 1914 COSS.
383 1866 457 1913 Η.
473 1867 522 1913 DE
541 1866 651 1932 RIVIS,
674 1867 838 1915 SPEOIBUS
856 1865 1139 1926 EORNIGIBUSQUE

89 1951 229 2015 IULIAE,
252 1950 425 2016 MARCIAE,
443 1951 586 2015 APPIAE,
605 1951 783 2017 TEPULAE,
801 1951 946 1999 ANIONIS
958 1950 1138 1998 REFICIEN·

89 2035 165 2098 DIS,
190 2034 634 2093 Q.D.E.R.F.P.D.E.R.1.c„
652 2036 726 2100 UTI,
750 2034 821 2084 cum
841 2036 977 2100 11R1vi,
1001 2034 1139 2096 srmone,

90 2118 285 2183 EORNIOES,
325 2118 415 2178 QUOS
447 2118 628 2166 AUGUSTUS
662 2118 796 2167 CAESAR
830 2119 870 2167 SE
903 2118 1140 2168 REEECTURUM

90 2201 245 2249 IMPENSA
266 2202 332 2250 SUA
353 2202 561 2251 POLLIOITUS
587 2202 738 2251 SENATUI
759 2203 839 2268 EST,
861 2204 1140 2265 REEIUERENTUR,

91 2286 139 2331 nx
164 2284 269 2331 nonus
296 2285 525 2333 rnrvnronunr
551 2287 682 2351 nsum,
715 2287 839 2352 muns,
868 2287 987 2352 cnara,
1018 2287 1140 2350 ussus,

92 2366 226 2432 ARENA,
256 2367 366 2414 LIONA
389 2368 612 2435 OETERAQUE,
641 2370 766 2429 QUIBUS
789 2371 838 2417 AD
862 2371 937 2419 EAM
956 2370 1032 2418 REM
1053 2370 1140 2420 OPUS

91 2449 214 2513 ESSET,
248 2450 345 2496 UNDE
374 2451 538 2512 QUAEQUE
565 2455 687 2502 EORUM
715 2455 874 2502 PROXIME
901 2455 981 2503 SINE
1003 2455 1141 2504 INIURIA

91 2532 321 2581 rnnvnnonnu
340 2534 459 2600 nonni,
484 2536 579 2600 suun,
603 2538 758 2586 ronnnnr
779 2539 939 2605 rossmn,
963 2539 1040 2587 vinu
1057 2538 1142 2588 nonu

92 2617 295 2665 ARBITRATU
316 2618 534 2684 AESTIMATA,
560 2621 765 2688 DARENTUR,
788 2623 1065 2688 TOLLERENTUR,
1088 2622 1141 2671 SU-

13 2746 16 2751 .
91 2702 298 2768 MERENTUR,
331 2704 653 2773 EXPORTARENTUR3
687 2707 731 2754 ET
760 2707 809 2754 AD
836 2707 901 2755 EAS
930 2707 994 2755 RES
1023 2705 1141 2756 OMNES

93 2786 353 2835 Exponnnunns
370 2789 561 2848 uanumque}
577 2791 697 2839 RERUM
712 2791 1003 2839 REFIOIENDARUM
1019 2791 1142 2854 CAUSA,

94 2869 268 2930 QUOTIENS
298 2871 384 2920 OPUS
413 2873 537 2938 ESSET,
569 2874 637 2920 PER
664 2874 780 2923 AGROS
809 2874 1041 2924 PRIVATORUM
1063 2875 1142 2924 SINE

93 2955 229 3002 INIURIA
252 2955 373 3002 EORUM
394 2956 556 3022 ITINERA,
580 2956 690 3006 AGTUS
712 2960 915 3026 PATERENT,
938 2960 1141 3008 DARENTUR.

181 3025 251 3085 126.
296 3025 470 3106 Plerumque
504 3036 599 3088 autem
632 3031 701 3089 vitia
735 3032 866 3090 oriuntur
899 3050 938 3091 ex
972 3032 1143 3110 impotentia

93 3124 316 3184 possessorum,
340 3113 388 3188 qui
410 3113 540 3190 plurimis
559 3112 651 3172 modis
666 3117 746 3174 rivos
762 3117 882 3176 violant.
927 3114 1052 3175 Primum
1068 3118 1143 3176 enim

94 3191 204 3267 spatia,
234 3209 309 3268 qnae
339 3197 417 3255 circa
445 3196 549 3256 ductus
578 3216 716 3275 aquarum
736 3218 775 3258 ex
794 3208 914 3260 senatus
936 3200 1074 3261 consulto
1096 3219 1143 3260 va·

2 3325 6 3337 ,
96 3290 164 3332 care
186 3273 308 3349 debent,
332 3288 379 3336 ant
401 3279 542 3339 aediliciis
565 3291 613 3341 aut
633 3281 787 3342 arboribus
810 3292 964 3362 occupant.
1009 3284 1145 3344 Arbores

93 3359 186 3433 magis
207 3367 331 3434 nocent,
354 3378 472 3437 quarum
495 3364 642 3426 radicibus
662 3375 690 3426 et
712 3369 983 3427 concamerationes
1002 3378 1033 3430 et
1052 3369 1144 3429 latera

96 3442 256 3505 solvuntur.
290 3442 402 3504 Deinde
422 3446 564 3507 vicinales
579 3450 642 3509 vias
658 3460 852 3530 agrestesque
867 3470 922 3530 per
936 3453 1017 3531 ipsas
1034 3454 1145 3515 lormas
