2438 3848
125 190 165 253 80
457 194 534 244 SEX.
550 194 639 243 IULII
662 193 832 243 duonum

123 360 152 418 iu
170 353 327 416 iasciculos
343 360 440 429 aptata
455 351 545 410 lurcis
561 349 716 427 imposuit,
739 347 792 408 sub
809 346 913 426 quibus
928 358 958 409 et
977 347 1078 410 habile
1093 366 1168 411 onus

124 441 269 502 etfacilis
290 437 408 516 requies
431 444 524 503 esset;
548 436 623 495 unde
646 442 676 493 et
697 434 727 493 in
747 432 934 513 proverbium
955 441 1081 494 tractum
1102 445 1166 495 est:

122 526 192 587 dluli
212 523 341 584 Mariani.
750 574 754 582 .
1018 582 1023 590 ,

210 607 240 668 8.
285 605 460 679 Theogenes
487 599 695 673 Atheniensis,
724 616 789 658 cum
823 601 985 660 exercitum
1016 599 1167 679 Megaram
1210 611 1212 617 ’

123 697 261 766 duceret,
281 686 447 768 petentibus
460 685 576 744 ordines
590 683 757 762 respondit,
775 682 816 742 ibi
828 702 862 743 sc
873 684 1014 747 daturum.
1050 684 1165 747 Deinde

124 780 199 842 clam
222 775 336 854 equites
354 770 502 849 praemisit
520 785 632 846 eosque
656 768 780 826 hostium
798 769 900 845 specie
919 770 1056 847 impetum
1072 772 1101 828 in
1117 789 1164 831 so·

124 866 186 924 cios
207 868 380 934 retorquere
404 853 499 913 iussit:
524 869 581 930 quo
603 851 682 911 iacto
698 870 763 911 cum
778 868 852 930 quos
873 851 1002 921 habebat
1020 862 1166 933 tamquam

124 947 160 1008 ad
190 944 316 1003 bostium
343 941 488 998 incursum
516 944 777 1013 praepararentur,
807 937 939 1013 permisit
966 937 1006 997 ita
1034 939 1166 1002 ,ordinari

122 1030 232 1103 aciem,
260 1033 292 1088 ut
316 1041 374 1104 quo
398 1022 462 1100 quis
483 1020 628 1078 voluisset
649 1019 717 1078 loco
739 1020 930 1088 consisteret;
953 1029 982 1080 ct
1005 1039 1071 1081 cum
1089 1024 1165 1088 iner-

122 1115 250 1175 tissimus
274 1111 397 1187 quisque
418 1113 499 1166 retro
520 1122 553 1163 se
577 1103 726 1178 dedisset,
748 1104 859 1163 strenui
874 1112 969 1164 autern
989 1105 1018 1163 in
1039 1105 1167 1167 frontem

123 1194 343 1280 prosiluissent,
371 1201 403 1252 ut
424 1206 569 1270 quemque
592 1189 745 1247 invenerat
765 1196 904 1262 stantem,
925 1189 964 1249 ite
986 1188 1023 1250 ad
1046 1191 1165 1253 ordines

121 1283 240 1344 militiae
258 1277 403 1358 provexit.
457 1311 461 1319 ·

207 1365 237 1425 9.
270 1362 420 1438 Lysander
433 1356 684 1433 ‚lacedaemonius
707 1375 860 1434 egressum
880 1358 927 1418 via
945 1360 1099 1437 quemdam
1118 1379 1166 1420 ca·

80 1470 83 1475 ·
123 1447 265 1525 stigabat:
295 1446 340 1505 cui
368 1444 492 1518 dicenti,
520 1442 556 1501 ad
585 1441 688 1500 nullius
714 1443 757 1501 rei
785 1443 913 1520 rapinam
936 1461 969 1502 se
990 1443 1027 1503 ab
1048 1446 1164 1522 agmine

122 1532 309 1603 recessisse,
340 1527 513 1605 respondit:
548 1524 593 1584 Ne
622 1527 754 1603 speciem
789 1526 905 1606 quidem
934 1529 1045 1607 rapturi
1079 1546 1165 1609 prae·

120 1618 193 1677 beas
214 1613 294 1672 volo.
1023 1666 1034 1689 ,

208 1697 257 1758 10.
302 1695 483 1771 Antigonus,
507 1693 681 1752 cumidem
696 1712 777 1754 suurn
800 1697 963 1772 devertisse
985 1695 1116 1756 audisset
1138 1697 1166 1755 in

122 1788 186 1845 eius
213 1782 343 1855 domum,
372 1780 418 1838 cui
441 1787 500 1837 tros
524 1778 601 1838 dliae
628 1778 759 1855 insignes
783 1781 885 1858 specie
914 1788 1031 1854 essent,
1055 1778 1165 1857 Audio,

122 1868 228 1947 inquit,
248 1866 305 1943 lili,
327 1873 449 1941 anguste
466 1842 596 1939 habhre
613 1871 658 1938 te,
680 1863 811 1940 pluribus
827 1863 947 1925 dominis
964 1864 1079 1924 domum
1094 1882 1165 1944 pos·

122 1951 299 2019 sidentibus;
332 1948 489 2027 hospitium
517 1947 610 2006 laxius
641 1948 766 2024 accipe:
800 1948 941 2027 iussoque
959 1950 1165 2027 commigrare

124 2037 230 2111 edixit,
249 2054 286 2095 ne
309 2036 373 2115 quis
397 2034 490 2091 minor
513 2032 717 2110 quinquaginta
736 2046 828 2092 annos
849 2022 1084 2112 namehospnto
1106 2051 1165 2094 ma-

120 2120 298 2183 trisiamilias
316 2126 454 2178 uteretur.
494 2128 497 2133 '
985 2170 990 2177 .

210 2207 260 2264 ll.
298 2203 335 2275 Q.
357 2200 494 2261 Metellus
519 2198 638 2273 consul,
660 2200 790 2277 quamvis
815 2200 893 2260 nulla
921 2200 991 2278 lege
1007 2200 1164 2279 impedire·

122 2300 184 2364 tur,
213 2290 281 2364 quin
309 2285 396 2345 lilium
424 2282 662 2343 contubernalem
689 2292 861 2363 perpetuum
892 2285 1034 2362 haberet,
1063 2285 1166 2367 nqaluit
1202 2332 1207 2343 .

121 2384 304 2433 tamencum
327 2369 355 2426 in
378 2367 479 2426 ordine
501 2385 627 2426 merere.
862 2420 867 2427 ,
1015 2382 1027 2403 ⁴

209 2452 257 2513 12.
297 2451 329 2512 P.
352 2448 477 2528 Rutilius
500 2450 618 2525 consul,
641 2468 704 2509 cum
725 2451 885 2511 secundum
906 2452 991 2530 leges
1010 2454 1165 2517 incontu-

102 2540 226 2629 fbernio
251 2555 303 2597 suo
323 2535 411 2594 lilium
429 2532 539 2593 habere
559 2543 678 2611 posset,
695 2535 723 2593 iu
745 2535 863 2612 legione
885 2538 1004 2597 militem
1019 2537 1102 2597 iecit.

210 2621 257 2681 13.
300 2618 338 2679 Μ.
362 2619 488 2678 Scaurus
516 2617 623 2693 hlium,
656 2619 734 2696 quod
761 2621 789 2678 in
812 2621 886 2680 saltu
905 2612 1072 2682 Tridentino
1095 2621 1164 2682 loco

123 2706 256 2767 hostibus
280 2710 428 2776 cesserat,
446 2703 484 2769 ¹in
506 2710 695 2778 conspectum
717 2721 798 2764 suum
819 2706 922 2765 uenire
945 2698 1037 2765 ihssit.
1082 2705 1163 2767 Ado·

97 2792 241 2869 „lescens
262 2786 440 2848 verecundia
462 2786 635 2863 ignominiae
655 2804 775 2864 pressus
789 2797 912 2848 mortem
932 2789 988 2848 sibi
1010 2778 1163 2849 conscivit.

211 2875 258 2934 14.
300 2870 403 2932 Castra
428 2871 582 2948 antiquitus
611 2866 733 2928 Romani
765 2880 944 2952 ceteraeque
966 2881 1072 2949 gentes
1096 2891 1163 2952 pas·

124 2960 178 3018 sim
203 2975 257 3035 per
281 2972 408 3036 corpora
438 2955 599 3015 cohortium
622 2951 703 3012 velut
731 2955 856 3032 mapalia
882 2959 1061 3017 constituere
1085 2958 1163 3018 soliti

125 3049 223 3116 erant,
247 3059 309 3100 com
335 3040 417 3100 solos
439 3038 559 3114 urbium,
572 3053 671 3096 muros
693 3047 794 3098 nosset
816 3042 979 3120 antiquitas.
1023 3038 1162 3116 Pyrrhus,

123 3125 310 3202 Epirotarum
338 3142 408 3199 rex,
436 3125 543 3201 primus
573 3130 663 3181 totum
694 3124 855 3184 exercitum
879 3124 933 3185 sub
954 3123 1061 3183 eodem
1082 3125 1162 3186 vallo

124 3210 274 3268 continere
297 3208 426 3267 instituit.
472 3204 593 3266 Romani
615 3204 736 3281 deinde,
753 3208 832 3269 victo
856 3226 892 3268 eo
909 3210 938 3268 in
955 3209 1066 3286 campis
1085 3208 1162 3269 Aru-

123 3294 193 3352 sinis
216 3293 294 3351 circa
318 3290 416 3349 urbem
437 3289 650 3365 Maleventum,
674 3291 778 3351 castris
802 3293 864 3352 eius
890 3293 973 3370 potiti
995 3301 1025 3351 et
1046 3292 1162 3353 ordina·

122 3378 201 3436 tione
222 3383 336 3449 notata,
358 3373 505 3451 paullatim
520 3374 556 3435 ad
572 3373 646 3434 hanc
663 3391 755 3452 usque
772 3377 975 3453 metationem,
995 3393 1070 3454 quae
1088 3395 1162 3436 nunc

123 3461 229 3521 effecta
252 3469 306 3537 est,
329 3467 536 3538 peruenerunt.
