2438 3848
117 178 177 240 100
436 186 623 236 ssx,run11
645 186 816 235 uaouuuur

115 343 216 406 estad
239 352 352 423 portam
369 342 578 419 Trigeminam,
600 359 738 420 passuum
757 354 794 400 xl
816 339 922 399 milium
938 351 1021 409 cxc;
1044 340 1160 402 subter·

114 447 206 490 ransu
227 431 291 489 rivo
306 445 441 507 passuum
462 440 500 485 xr
522 424 629 485 milium
642 438 751 492 cxxx;
776 431 865 502 s'upra
882 433 990 484 terram
1010 425 1160 485 substruc-

115 516 196 575 tione
224 523 254 572 et
283 522 402 572 arcuato
426 528 519 588 opere
548 512 680 587 proxime
709 519 823 587 portam
849 505 997 587 Capenam
1020 528 1161 589 passuum

114 613 172 658 Lx.
217 597 346 673 iungitur
369 598 396 656 ei
419 595 455 654 ad
471 596 560 671 Spem
571 594 712 653 Veterem
726 595 755 652 in
767 593 896 652 confinio
916 592 1067 653 hortorum
1085 593 1158 652 Tor·

115 684 315 761 quatianorum
341 689 370 738 et
394 678 609 738 Plautianornm
633 695 729 736 ramus
757 676 924 754 Augustae,
955 677 991 737 ab
1022 678 1159 754 Augusto

114 770 144 827 iu
166 765 400 844 supplementum
427 764 489 821 eius
512 763 642 837 additus,
670 762 806 839 imposito
835 764 1008 838 cognomine
1034 779 1159 840 respon·

115 851 195 911 denti
217 847 422 908 Gemellarum.
467 844 520 904 llic
540 847 586 905 via
608 845 795 905 Praenestina
818 845 854 904 ad
876 846 1026 906 miliarium
1046 860 1095 922 vl,
1117 846 1158 905 di·

115 932 259 994 verticulo
287 933 470 990 sinistrorsus
502 948 639 1007 passuum
666 942 892 1005 Dccchxxx,
920 932 1054 1008 proxime
1082 932 1160 990 viam

116 1015 272 1076 Collatiam
304 1016 412 1092 accipit
438 1012 564 1080 fontem;
595 1015 676 1073 cuius
705 1015 807 1074 ductus
834 1032 928 1092 usque
950 1015 986 1074 ad
1008 1014 1158 1074 Gemellas

115 1100 208 1162 eflicit
231 1101 294 1158 rivo
323 1099 515 1158 subterraneo
538 1117 642 1175 passus
669 1112 704 1158 vl
730 1098 806 1157 milia
837 1110 1009 1158 ccouxxx.
1053 1099 1159 1177 Incipit

115 1184 249 1247 distribui
272 1183 368 1261 Appia
388 1184 444 1241 imo
467 1181 589 1242 Publicii
613 1182 689 1241 clivo
712 1183 747 1242 ad
766 1191 880 1260 portam
903 1182 1108 1260 Trigeminam.
1206 1236 1210 1249 ,

201 1269 230 1330 6.
269 1268 339 1328 Post
361 1284 452 1326 annos
471 1281 536 1342 XL,
557 1266 762 1345 quam'Appia
783 1266 924 1348 perducta
945 1277 1005 1343 est,
1027 1284 1102 1326 anuo
1122 1267 1158 1326 ab

115 1352 189 1414 urbe
213 1353 329 1414 condita
358 1363 573 1425 coccuxxxl,
601 1349 651 1409 lll'.
676 1348 780 1410 Curius
802 1349 961 1427 Dentatus,
982 1353 1031 1430 qui
1054 1370 1158 1411 censu·

114 1455 176 1497 ram
196 1455 260 1496 cum
275 1435 306 1494 L.
328 1435 444 1513 Papirio
461 1434 589 1494 Cursore
611 1436 720 1511 gessit,
743 1434 880 1510 Anionis,
905 1437 953 1512 qui
973 1454 1050 1495 nunc
1064 1436 1158 1496 Vetus

114 1521 233 1595 dicitur,
257 1537 361 1597 aquam
376 1519 591 1597 perducendam
612 1521 642 1577 in
655 1519 756 1579 urbem
776 1538 813 1578 ex
830 1519 971 1579 manubiis
988 1520 1025 1579 de
1045 1520 1158 1595 Pyrrho

116 1606 210 1682 captis
239 1603 365 1678 locavit,
397 1605 447 1680 Sp.
473 1601 619 1677 Carvilio,
648 1602 678 1661 L.
700 1603 818 1682 'Papirio
847 1603 1017 1663 consulibus
1041 1605 1156 1664 iterum.

114 1688 186 1749 Post
206 1687 353 1746 biennium
380 1686 485 1747 deinde
508 1696 601 1745 actum
619 1695 668 1745 est
690 1688 718 1744 in
747 1697 848 1747 senatu
872 1688 909 1747 de
931 1688 1157 1747 consummando

115 1774 179 1832 eius
198 1789 291 1848 aquae
312 1788 404 1849 opere
413 1792 420 1839 ;
441 1771 643 1849 frequentibus
659 1780 753 1831 autem
765 1771 959 1831 Romanorum
971 1772 1059 1831 bellis
1071 1790 1158 1851 prae·

115 1857 268 1930 termisso,
290 1855 405 1915 demum
426 1865 495 1934 post
516 1872 621 1914 nonum
647 1873 749 1915 anuum
770 1874 870 1915 rursus
888 1855 1022 1916 Minatius
1037 1865 1159 1935 praetor

114 1959 177 2000 rem
207 1939 315 2000 retulit.
360 1939 432 1999 Tum
458 1958 495 1999 ex
514 1949 633 2006 senatus
654 1939 788 1999 consulto
811 1939 952 2000 duumviri
973 1958 1066 2018 aquae
1089 1959 1156 2018 per·

115 2024 268 2085 ducendae
289 2025 380 2084 creati
396 2035 478 2100 sunt,
500 2021 620 2099 Curius,
646 2025 694 2102 qui
716 2042 780 2084 eam
799 2024 974 2099 locaverat,
990 2034 1019 2085 et
1037 2023 1159 2085 Fulvius

114 2107 250 2170 Flaccus.
285 2105 388 2167 Curius
401 2109 474 2169 intra
491 2111 619 2187 quintum
637 2106 729 2185 diem,
748 2127 833 2187 quam
850 2117 913 2167 erat
928 2109 1059 2168 duumvir
1074 2128 1157 2169 crea·

114 2201 181 2267 tus,
204 2193 348 2251 decessit:
376 2193 472 2268 gloria
498 2193 658 2272 perductae
681 2194 818 2272 pertinuit
839 2193 874 2252 ad
893 2192 1034 2253 Fulvium.
1080 2190 1157 2253 Con·

116 2277 222 2352 cipitur
248 2273 324 2333 Anio
350 2276 443 2335 Vetus
470 2295 558 2355 supra
585 2276 676 2336 Tibur
703 2291 753 2336 xx
779 2277 902 2338 miliario
933 2287 1015 2338 extra
1042 2287 1158 2356 portam

114 2357 272 2431 Baranam,
300 2356 349 2416 ubi
377 2368 490 2434 partem
513 2359 560 2420 dat
587 2362 616 2420 in
643 2361 802 2421 Tiburtium
825 2380 915 2422 usum.
959 2361 1073 2421 Ductus
1094 2364 1182 2439 eius¹

114 2440 205 2502 habet
224 2439 450 2515 longitudinem,
472 2444 512 2503 ita
534 2446 672 2520 exigente
695 2444 882 2521 libramento,
907 2464 1043 2524 passuum
1069 2461 1158 2507 xum

115 2524 238 2585 milium:
266 2541 304 2582 ex
331 2540 368 2584 eo
390 2527 469 2584 rivus
493 2536 537 2587 est
562 2527 770 2589 subterraneus
794 2547 930 2608 passuum
953 2509 1027 2590 xulu
1048 2530 1158 2593 milium

115 2621 311 2676 Dcctxxm
333 2608 510 2671 substructio
532 2630 619 2690 supra
640 2622 747 2673 terram
766 2632 903 2693 passuum
923 2626 1039 2674 ccxxl.

203 2695 232 2753 7.
271 2693 346 2753 ,Post
368 2712 458 2754 annos
488 2709 624 2771 oxxvn,
651 2697 750 2758 idest
777 2715 851 2758 anno
880 2697 916 2758 ab
945 2698 1017 2758 urbe
1039 2699 1159 2760 condita

116 2791 246 2854 novun,
265 2779 330 2846 Ser,
349 2779 480 2858 Sulpicio
497 2781 588 2841 Galba
605 2799 669 2840 cum
686 2781 717 2840 t.
735 2782 857 2843 Aurelio
874 2781 959 2842 Cotta
975 2783 1158 2859 consulibus,

117 2881 182 2922 cum
204 2862 319 2940 Appiae
342 2862 524 2943 Anionisque
546 2866 666 2941 ductus,
691 2876 837 2927 vetustata
860 2869 1004 2945 quassati,
1028 2870 1157 2946 privato·

115 2963 180 3004 rum
200 2948 287 3005 etiam
307 2946 456 3007 fraudibus
478 2950 738 3027 interciperentur,
759 2950 854 3011 datum
878 2961 924 3011 est
945 2970 961 3011 a
981 2962 1087 3013 senatu
1107 2971 1158 3013 ne·

117 3029 228 3105 gotium
243 3027 370 3105 lllarcio,
401 3034 449 3109 qui
468 3041 526 3092 tum
547 3043 667 3112 praetor
683 3035 758 3095 inter
775 3036 856 3095 cives
875 3044 904 3094 et
920 3039 1096 3114 peregrinos
1114 3039 1158 3097 ius

117 3110 250 3186 dicebat,
274 3129 374 3173 corum
390 3115 524 3176 ductuum
545 3118 770 3177 reficiendorum
787 3137 822 3179 ac
838 3119 1085 3181 vindicandorum.
1121 3121 1160 3182 Et

117 3195 253 3273 quoniam
273 3195 481 3258 incrementum
499 3201 578 3261 urbis
600 3203 723 3279 exigere
742 3202 895 3264 'videbatur
911 3205 1081 3283 ampliorem
1097 3224 1160 3266 mo·

117 3279 183 3338 dum
205 3296 314 3357 aquae,
334 3281 428 3342 eidem
448 3285 610 3345 mandatum
633 3303 649 3346 a
671 3295 774 3346 senatu
797 3297 853 3365 est,
876 3297 906 3348 ut
928 3299 1063 3366 curaret,
1088 3309 1157 3369 qna·

116 3371 200 3422 tenus
225 3363 297 3424 alias
322 3383 412 3444 aquas
446 3385 519 3445 quas
545 3378 649 3449 posset
680 3371 708 3430 in
735 3372 838 3432 urbem
862 3373 1050 3451 perduceret.
1102 3374 1159 3448 Qui

45 3522 47 3529 Ι
115 3447 213 3527 lapide
225 3446 366 3527 quadrato
384 3451 543 3530 ampliores
554 3454 657 3514 ductus
669 3456 817 3533 excitavit,
830 3475 944 3537 perque
958 3458 1026 3519 illos
1041 3476 1157 3538 aquam,
