2438 3848
118 181 178 240 110
445 189 522 238 suu.
545 189 634 238 ιιιιιι
656 189 825 237 ιιιοιιιιιιι

117 348 183 408 thos
205 344 400 424 respondent;
430 345 470 404 ita
499 353 528 403 et
550 344 742 422 quinariarum
763 342 964 422 multiplicatio
987 343 1016 402 iu
1038 343 1161 420 amplio-

116 432 197 491 ribus
227 428 350 489 mcdulis
383 447 503 487 servare
532 431 760 506 consequentiae
792 446 862 487 suae
891 427 1023 504 regulam
1056 427 1161 486 debet:

118 516 262 593 alioquin,
293 531 356 573 cum
379 514 406 571 iu
435 513 604 589 erogatorio
626 513 744 572 medule
766 514 858 571 miuus
881 513 1041 586 invenitur,
1066 512 1094 569 iu
1113 529 1160 569 ac·

119 601 253 679 ceptorio
276 598 357 676 plus,
381 596 503 674 adparet
525 614 582 656 neu
603 615 734 657 errorem
759 615 827 656 esse
848 595 900 656 sed
921 596 1063 655 fraudem.

202 683 252 744 35.
293 680 522 755 Meminerimus,
550 698 663 740 omnem
691 699 811 758 aquam,
839 682 974 759 quotiens
996 697 1034 738 ex
1055 679 1161 738 altiore

118 771 186 831 loco
207 766 287 826 veuit
309 775 338 824 et
360 766 433 823 iutra
449 765 540 824 breve
560 767 684 843 spatium
702 768 731 824 iu
747 765 898 825 castellum
916 764 1009 838 cadit,
1028 779 1087 822 non
1100 772 1160 822 tau·

117 863 176 912 tum
195 850 377 928 respondere
399 849 516 909 medulo
540 866 612 923 suo,
636 848 798 908 sedetiam
823 849 1002 915 exuberare;
1025 849 1162 925 quotiens

116 953 189 995 vero
209 953 248 992 ex
269 933 438 1011 humiliore,
460 933 488 992 id
511 942 556 992 est
576 934 687 992 minere
711 952 866 1012 pressura,
890 933 1005 1008 longius
1028 931 1160 1005 ducatur,

117 1020 242 1096 segnitia
272 1018 375 1076 ductus
397 1018 512 1077 mudum
542 1034 659 1096 qnoque
685 1017 874 1096 deperdere:
905 1017 972 1076 ideo
1003 1016 1162 1075 secundum

117 1105 192 1165 hauc
218 1103 360 1162 rationem
388 1111 435 1161 ant
464 1102 641 1162 onerandam
673 1120 741 1162 esse
771 1103 972 1178 erogationem
1005 1109 1052 1159 aut
1082 1099 1161 1158 rele-

118 1189 250 1249 vendam.

204 1272 255 1332 36.
296 1270 355 1331 Sed
378 1279 407 1329 et
425 1270 524 1329 calicis
544 1271 651 1349 positio
670 1269 759 1330 habet
774 1279 958 1328 momentum.
1003 1267 1034 1326 ln
1050 1277 1162 1327 rectum

120 1366 149 1416 et
175 1356 211 1416 ad
239 1354 343 1414 libram
368 1355 558 1430 conlocatus,
587 1356 703 1415 modum
730 1363 845 1424 servat3.
871 1354 907 1414 ad
930 1371 1045 1412 cursum
1068 1371 1162 1431 aquae

120 1441 273 1518 obpositus
303 1448 332 1497 et
357 1439 504 1512 devexus,
534 1440 655 1517 amplius
678 1441 769 1517 rapit;
794 1437 923 1497 adlatus
946 1438 1162 1515 praetereuntis

119 1541 212 1602 aquae
227 1540 387 1581 conversus
406 1531 434 1580 et
449 1523 582 1598 supinus,
607 1523 634 1582 id
653 1532 698 1583 est
716 1524 751 1582 ad
770 1523 900 1582 haustum
918 1522 1047 1600 pronior,
1064 1523 1162 1597 segul-

118 1616 165 1667 ter
193 1608 329 1681 exiguum
354 1607 448 1663 sumit.
493 1605 547 1663 Est
570 1616 666 1665 autem
697 1607 774 1666 calix
800 1606 932 1665 modulus
955 1623 1082 1680 aeneus,
1113 1605 1162 1682 qui

119 1693 182 1750 rivo
209 1689 258 1748 vel
280 1688 404 1748 castello
427 1688 565 1757 indultum
595 1691 662 1749 huic
685 1691 799 1750 fistulae
820 1690 1011 1768 adplicantur.
1056 1688 1163 1765 Longi-

120 1775 190 1834 tudo
216 1774 277 1831 eius
300 1773 410 1833 habere
431 1772 520 1832 debet
542 1774 649 1851 digitos
670 1793 729 1833 ιιοιι
751 1776 841 1833 minus
862 1774 1029 1842 duedecim;
1053 1772 1162 1848 lumen,

119 1859 148 1918 id
167 1867 211 1918 est
224 1858 431 1956 capacitatem,
450 1866 554 1935 quauta
574 1861 714 1936 imperata
730 1859 826 1918 fuerit.
871 1857 1063 1935 Excogitatns
1081 1858 1163 1918 vide·

120 1952 182 2019 tur,
207 1944 341 2021 quoniam
365 1944 445 2018 rigor
467 1945 561 2018 aeris,
585 1943 732 2002 difficilior
754 1943 790 2002 ad
818 1942 942 2019 llcxum,
969 1960 1027 2001 nen
1049 1951 1164 2001 temere

121 2036 219 2106 potest
240 2028 331 2086 laxari
351 2027 400 2085 vel
421 2029 556 2086 coartari

205 2111 256 2171 37.
300 2111 451 2170 Formulas
468 2111 666 2209 modulorum,
686 2113 833 2190 quisunt,
857 2127 957 2169 omues
968 2111 1069 2187 viginti
1081 2112 1164 2188 quiu-

122 2214 178 2273 que
207 2195 337 2270 subieci,
369 2196 497 2272 quamvis
520 2197 548 2255 iu
577 2214 630 2255 usu
659 2196 822 2272 quindecim
855 2204 962 2254 tautum
990 2195 1164 2272 frequentes

121 2282 192 2354 siut,
216 2278 344 2337 directos
368 2279 404 2337 ad
431 2280 589 2355 rationem,
613 2280 649 2338 dc
672 2299 727 2358 qua
751 2280 842 2338 locuti
864 2297 977 2355 sumus,
1001 2279 1165 2338 emendatis

121 2371 272 2439 quattuor,
298 2379 372 2438 ques
391 2365 500 2438 aquarii
525 2374 720 2424 navaverunt:
743 2363 902 2423 secundum
930 2381 1014 2440 quam
1033 2372 1063 2423 et
1085 2363 1165 2422 fistu-

38 2454 43 2462 '
121 2445 167 2505 lae
193 2461 312 2519 omnes,
337 2463 410 2522 quae
440 2462 513 2523 opus
537 2448 661 2525 lacient,
690 2449 775 2524 dirigi
804 2447 927 2522 debent,
955 2456 1020 2522 aut,
1052 2448 1078 2507 si
1107 2447 1164 2506 luae

121 2528 235 2587 listulae
257 2529 428 2605 manebunt,
447 2531 482 2589 ad
506 2532 667 2608 quinarias,
689 2542 759 2610 quet
782 2533 914 2610 capient,
938 2532 1109 2610 computari.

206 2609 256 2672 38.
302 2613 358 2687 Qui
379 2631 437 2673 nen
454 2624 520 2674 sunt
542 2617 571 2675 in
596 2635 650 2675 usu
678 2616 838 2692 moduli,
831 2635 859 2674 ιιι
883 2617 954 2694 ipsis
977 2625 1022 2675 est
1044 2617 1165 2677 adnota-

121 2705 189 2756 qum·
222 2699 293 2739 skalt*

205 2781 255 2842 39.
299 2780 408 2841 Fistula
436 2785 565 2860 quinaria
599 2784 729 2863 (habet)
759 2785 892 2844 diametri
920 2785 1040 2861 digitum
1067 2804 1165 2860 ιιιιιιιιι,

121 2868 321 2944 quadrantem
351 2868 499 2944 perimetri
521 2869 627 2946 digitos
653 2878 732 2944 trec,
757 2869 918 2946 deuncem,
943 2869 1072 2948 scripula
1093 2872 1165 2930 tria:

121 2953 198 3027 capit
221 2952 379 3028 quinariam
396 2969 489 3012 unam.

204 3036 254 3094 lt).
299 3034 409 3095 Fistula
435 3036 550 3097 senaria
572 3034 702 3095 diametri
725 3037 844 3114 digitum
870 3056 971 3113 unum,
996 3040 1166 3104 semissem,

118 3117 266 3194 perimetri
296 3118 402 3193 digitos
431 3131 580 3197 quattuor,
605 3119 740 3199 bessem,
770 3123 963 3199 semunciam,
988 3121 1165 3201 scripulum:

119 3202 196 3277 capit
216 3202 373 3279 quinariam
392 3221 475 3263 uuam
484 3204 726 3302 ,quincuncem
746 3207 898 3265 sicilicum

203 3284 253 3343 41.
296 3284 404 3345 Fistula
427 3290 595 3366 septenaria
618 3289 749 3349 diametri
771 3290 891 3367 digitum
913 3308 1017 3366 unum,
1040 3292 1167 3351 dodran·

116 3377 190 3436 lem;
218 3370 367 3446 perimetri
390 3371 497 3447 digitos
525 3373 669 3470 quinque,
700 3376 867 3434 semissem:
903 3377 980 3454 capit
1005 3377 1167 3455 quinariam

114 3471 198 3513 uuam
206 3454 396 3531 ,deuncem,
420 3458 605 3517 semunciam
650 3458 682 3518 ln
704 3477 757 3519 usu
780 3476 839 3518 nnn
862 3468 917 3519 cst.
