2438 3848
89 168 128 231 24
372 232 374 236 ,
418 177 494 227 sax.
517 177 606 227 rann
629 176 799 226 saoucrnr

85 336 218 397 fiduciam
239 351 356 394 suorum
374 333 519 411 religione
538 331 728 393 adiuvandam
748 341 845 408 ratus,
870 350 965 408 arma,
987 349 1064 410 qnae
1086 351 1132 394 or·

86 420 227 481 namentis
257 418 350 479 adfixa
379 419 408 477 in
430 417 546 496 templis
569 425 668 493 eraut,
695 425 784 477 nocte
808 416 951 477 subtraxit
972 422 1133 495 persuasit·

86 522 142 584 que
169 503 324 580 militibus,
353 503 436 564 Deos
459 503 516 562 iter
538 519 620 561 suum
644 502 746 579 sequi,
770 509 800 560 ut
823 501 1035 580 proeliantibus
1059 504 1132 581 ipsis

85 589 232 649 adessent.

172 673 221 732 17.
267 669 425 747 Agesilaus
446 668 713 744 Lacedaemonius,
735 686 799 728 cum
822 668 962 748 quosdam
977 669 1135 730 Persarum

86 758 233 835 cepisset,
265 770 387 833 quorum
417 753 532 813 habitus
557 753 675 814 multum
697 754 818 813 terroris
843 753 975 832 praefert
996 756 1133 832 quotiens

85 849 170 900 veste
182 840 301 916 tegitur,
324 837 447 898 nudatos
469 837 607 898 militibus
630 839 689 897 suis
709 837 854 914 ostendit,
877 847 908 898 ut
922 837 988 898 alba
1005 856 1132 918 corpora

89 933 118 984 et
138 923 299 984 umbratica
323 930 551 981 contemnerent.

175 1006 224 1068 18.
269 1003 342 1066 Gelo
363 1006 613 1081 Syracusanorum
633 1014 783 1080 tyrannus,
807 1004 887 1065 bello
900 1006 1043 1066 adversus
1058 1005 1134 1066 Poe·

86 1108 141 1152 nos
170 1099 310 1168 suscepto
341 1108 404 1150 cum
433 1089 539 1149 multos
563 1089 711 1167 cepisset,
741 1090 963 1160 infirmissimum
986 1108 1132 1168 quemque

86 1177 247 1256 praecipue
270 1194 308 1235 ex
329 1174 532 1248 auxiliaribus,
566 1175 614 1252 qui
641 1174 789 1250 nigerrimi
812 1183 911 1249 erant,
943 1174 1080 1234 nudatum
1104 1177 1133 1234 in

86 1270 277 1341 conspectum
299 1277 415 1320 suorum
438 1258 593 1339 produxit,
624 1267 656 1316 nt
678 1258 870 1337 persuaderet
893 1259 1131 1319 contemnendos.

174 1345 221 1408 19.
267 1343 360 1418 Cyrus
381 1361 434 1403 rex
456 1343 620 1418 Persarum,
643 1352 673 1401 ut
696 1344 856 1403 concitaret
878 1343 989 1402 animos
1009 1343 1132 1421 popula·

7 1453 8 1456 ¹
86 1429 169 1502 rium,
192 1435 253 1486 tota
276 1427 322 1487 die
344 1429 372 1485 in
392 1426 553 1486 excidenda
571 1427 693 1503 quadarn
708 1426 781 1487 silva
794 1427 1006 1504 coslatigavit;
1027 1427 1132 1487 deinde

85 1510 228 1591 postridie
256 1511 402 1590 praestitit
431 1511 474 1570 eis
498 1509 719 1569 liberalissimas
743 1511 847 1590 epulas
876 1521 905 1570 et
928 1513 1131 1588 interrogavit,

86 1605 152 1655 ntro
171 1594 264 1670 magis
285 1592 456 1670 gauderent.
493 1591 623 1670 Cumque
641 1595 667 1653 ei
684 1596 851 1672 praesentia
869 1594 1057 1673 probassent,
1080 1595 1131 1655 At·

87 1681 135 1758 qui
157 1697 211 1758 per
237 1677 329 1753 haec,
360 1677 469 1754 inquit,
493 1677 529 1738 ad
552 1678 601 1737 illa
623 1678 850 1756 perveniendum
871 1689 931 1749 est;
959 1698 1025 1739 nam
1046 1679 1133 1740 liberi

85 1763 224 1840 beatique
247 1780 333 1837 esse,
356 1761 410 1822 nisi
432 1760 536 1821 llledos
558 1763 699 1838 viceritis,
723 1781 781 1823 non
803 1765 938 1842 potestis.
973 1763 1072 1841 Atque
1093 1765 1131 1824 ita

86 1864 140 1907 eos
158 1847 194 1906 ad
212 1845 398 1925 cupiditatem
420 1847 526 1925 proelii
549 1848 714 1906 concitavit.

173 1930 223 1992 20.
267 1929 300 1991 L.
318 1930 410 2007 Sulla,
436 1933 502 2009 quia
518 1931 659 1991 adversus
670 1931 857 2008 Archelaum,
881 1931 1062 2010 praelectum
1079 1931 1131 1991 tli-

85 2014 234 2090 tbridatis,
258 2014 333 2093 apud
349 2015 470 2075 Piraeea
486 2015 663 2092 pigrioribus
687 2016 723 2075 ad
743 2016 887 2095 proelium
908 2015 1047 2076 militibus
1069 2025 1131 2075 nte·

85 2099 181 2176 batur,
205 2116 297 2178 opere
322 2117 374 2160 eos
390 2100 539 2177 fatigando
562 2099 701 2178 compulit
721 2100 758 2160 ad
781 2100 959 2179 poscendum
980 2099 1057 2160 ultro
1080 2118 1131 2177 pn·

85 2203 161 2262 guae
177 2185 299 2261 signum.
1161 2198 1167 2211 ·

172 2267 223 2326 21.
268 2265 375 2326 Fabius
391 2265 533 2328 Maximus
549 2269 671 2343 veritus,
695 2285 802 2346 nequa
824 2266 929 2327 fiducia
950 2269 1074 2342 navium,
1096 2266 1131 2327 ad

86 2369 158 2429 quas
181 2351 323 2427 refugium
346 2359 423 2426 erat,
447 2352 538 2410 minus
561 2361 729 2412 constanter
746 2359 890 2429 pugnaret
907 2352 1067 2428 exercitus,
1091 2353 1130 2411 iu·

87 2434 172 2494 cendi
195 2452 263 2509 eas,
287 2434 453 2511 priusquam
474 2435 559 2494 iniret
580 2436 740 2513 proelium,
763 2436 856 2499 iussit.

481 2599 628 2662 carun
657 2601 753 2678 nn⁸¹
842 2646 844 2650 .

117 2732 165 2778 DE
180 2727 426 2777 DISSOLVENDO
444 2731 555 2797 METU,
579 2732 676 2791 QUEM
699 2733 840 2781 MILITES
860 2734 907 2780 EX
929 2733 1100 2782 ADVERSIS

378 2813 621 2863 CONOEPERINT
655 2818 834 2865 OMINIBUS.

171 2938 199 2995 1.
245 2937 363 3015 Scipio,
392 2955 430 2996 ex
451 2935 534 2997 ltalia
557 2937 586 2996 in
609 2936 738 2997 Africam
763 2946 960 3016 transportato
986 2940 1130 3013 exercitu,

85 3040 149 3082 cum
173 3021 328 3096 egrediens
349 3040 452 3082 navem
469 3021 627 3100 prolapsus
643 3031 724 3081 essct
744 3031 774 3081 et
794 3023 831 3082 ob
851 3022 909 3082 hoc
922 3022 1067 3082 adtonitos
1079 3024 1130 3082 mi·

83 3106 151 3166 lites
175 3115 329 3180 cerneret,
360 3107 405 3181 id,
441 3105 520 3184 quod
540 3105 762 3183 trepidationem
784 3106 948 3181 adferebat,
968 3108 1132 3167 constantia

85 3199 115 3249 et
136 3190 332 3265 magnitudine
355 3192 438 3250 animi
459 3192 486 3248 in
507 3190 703 3251 hortationem
725 3193 871 3251 convertit
894 3201 934 3265 et,
954 3190 1068 3267 Ludite,
1089 3192 1131 3251 in·

84 3275 161 3352 quit,
187 3273 310 3348 milites,
334 3273 464 3335 Africam
486 3273 634 3353 obpressi.

169 3356 198 3417 2.
245 3356 277 3418 G.
292 3356 419 3434 Caesar,
442 3376 505 3417 cum
528 3357 604 3417 lorte
619 3358 821 3418 conscendens
840 3377 943 3419 navem
966 3357 1067 3437 lapsus
1085 3378 1132 3419 es·

83 3451 141 3520 cet,
166 3441 267 3505 Teneo
289 3451 329 3522 te,
352 3452 431 3505 terra
448 3450 550 3520 mater,
573 3442 673 3523 inquit.
720 3441 784 3517 Qua
798 3444 1038 3524 interpretatione
1060 3444 1132 3504 elle·
