2438 3848
123 182 163 244 16
491 192 566 243 snx.
589 189 869 241 ron11rncrrr1u1

121 350 209 448 ducto
232 348 424 428 frequentiori
451 350 560 426 mugitu
587 349 718 427 speciem
746 346 954 408 remanentium
981 344 1166 424 praebebant

120 434 256 577 hosmhlhl:
277 517 396 594 Hanno,
413 516 449 576 ab
467 507 749 589 hostibus'clansus,
767 514 863 574 locum
877 515 1023 592 eruptioni
1040 516 1166 574 maxime

121 611 219 681 aptum
243 601 373 678 adgestis
393 600 511 661 levibus
529 602 657 661 materiis
672 599 814 668 incendit;
835 607 894 658 tum
916 599 1002 659 hoste
1023 600 1061 658 ad
1084 608 1164 658 oete·

122 703 172 745 ros
196 688 291 745 exitus
315 684 522 744 custodiendos
542 693 685 759 avocato,
707 684 814 743 milites
834 683 1000 762 peripsam
1022 682 1164 742 flammam

121 770 239 844 eduxit,
260 769 421 827 admonitos
437 785 489 828 ora
510 771 611 843 scutis,
635 786 719 828 crura
740 776 824 826 veste
847 776 1018 844 contegere.

208 851 258 913 28.
281 851 440 926 Hannibal,
456 861 487 911 nt
503 854 681 930 iniquitatem
700 853 833 912 locorum
851 861 880 910 et
897 852 1022 929 inopiam
1040 852 1165 912 instante

123 934 214 996 Fabio
242 934 367 996 Maximo
397 936 557 1013 effugeret,
589 946 677 995 noctu
704 936 814 1010 boves,
849 934 953 1014 quibus
991 934 1027 994 ad
1056 951 1166 994 cornua

122 1020 282 1081 fasciculos
311 1019 491 1097 adligaverat
525 1029 753 1094 sarmentorum,
781 1019 914 1079 subiecto
943 1021 1011 1095 igne
1043 1018 1164 1083 dimisit:

123 1122 246 1182 cumque
279 1106 345 1183 ipso
377 1113 456 1164 moto
489 1104 679 1164 adolescente
714 1103 827 1162 flamma
858 1102 1024 1163 turbaretur
1059 1119 1165 1181 pecus,

122 1206 225 1266 magna
249 1188 461 1249 discursatione
483 1198 613 1263 montes,
641 1190 670 1248 in
693 1204 767 1266 quos
789 1197 884 1247 actnrn
906 1195 985 1261 erat,
1010 1185 1165 1245 collustra-

122 1275 174 1332 vit.
219 1272 358 1347 Romani,
381 1274 429 1350 qui
449 1273 485 1332 ad
506 1273 714 1351 speculandum
732 1279 957 1345 concurrerant,
980 1271 1074 1347 primo
1098 1287 1165 1348 pro·

124 1356 231 1432 digium
249 1358 359 1434 opinati
386 1365 466 1415 sunt:
491 1356 596 1416 deinde
626 1375 690 1416 cum
721 1365 803 1415 certa
826 1354 917 1414 Fabio
939 1355 1165 1425 renuntiassent,

124 1439 174 1498 ille
197 1439 233 1498 de
253 1438 419 1498 insidiarum
440 1447 519 1499 metu
542 1457 612 1500 suos
636 1440 740 1500 castris
769 1440 923 1507 oootinoit;
951 1437 1071 1499 barbari
1088 1437 1166 1498 obsi·

125 1530 220 1582 sternte
238 1522 318 1582 nullo
337 1522 465 1600 profecti
486 1532 560 1583 surrt.
935 1543 940 1552 ¹

531 1659 688 1752 'orror
711 1690 761 1752 vr.

352 1820 400 1867 DE
422 1819 564 1870 INSIDIIS
582 1822 620 1870 IN
642 1822 787 1869 ITINERE
810 1821 943 1871 nucula.

216 1942 243 2001 1.
262 1940 382 2002 Fulvius
392 1941 542 2020 Nobilior,
559 1961 624 2002 cum
636 1961 673 2001 ex
686 1943 803 2003 Samnio
815 1944 844 2003 in
856 1942 990 2003 Lucanos
1004 1944 1166 2005 exercitum

128 2027 250 2086 doceret
273 2035 303 2086 et
324 2029 515 2104 cognovisset
535 2045 552 2087 a
574 2026 708 2105 perfugis
731 2026 833 2087 hostes
854 2030 1042 2088 novissimum
1064 2047 1170 2106 agmen

127 2113 191 2171 eius
203 2111 415 2188 adgressuros,
430 2112 615 2171 fortissimam
631 2111 778 2188 legionem
789 2113 882 2190 primo
898 2114 958 2188 ire,
974 2111 1073 2172 nltiroa
1085 2114 1169 2192 sequi

127 2196 211 2254 iussit
229 2196 443 2274 impedimenta.
487 2195 530 2255 lta
553 2196 659 2255 factum
673 2212 727 2272 pro
746 2198 904 2256 occasione
919 2197 1047 2274 amplexi
1068 2195 1169 2256 hostes

127 2279 257 2355 diripere
272 2280 403 2338 sarcinas
416 2289 588 2357 coeperunt.
632 2277 750 2338 Fulvius
765 2278 928 2356 legionem,
951 2281 988 2340 de
1009 2298 1065 2358 qua
1081 2298 1169 2358 sopra

128 2363 235 2422 dictum
254 2370 315 2435 est,
336 2364 462 2440 quinque
485 2362 623 2421 cohortes
642 2363 671 2421 in
689 2363 820 2423 dextram
837 2366 902 2424 viae
918 2373 1030 2441 partem
1052 2364 1169 2437 direxit,

129 2447 256 2523 quinque
280 2444 315 2504 ad
338 2446 495 2513 sinistram
525 2455 612 2523 atque
639 2447 679 2505 ita
702 2449 883 2525 praedationi
907 2450 1034 2507 intentos
1055 2447 1168 2522 hostes,

130 2529 279 2608 explicato
300 2546 354 2605 per
377 2538 497 2606 utraque
520 2528 612 2589 latera
633 2529 740 2605 milite,
764 2531 869 2600 mansit
889 2533 1066 2610 ceciditque.

214 2612 244 2672 2.
268 2612 365 2687 Idem,
388 2611 522 2672 hostibus
543 2622 658 2691 tergum
686 2616 749 2675 eius
778 2618 806 2674 in
833 2618 937 2676 itinere
958 2615 1170 2697 prementibus,

130 2698 196 2757 dnm
217 2696 333 2756 homine
355 2698 584 2773 interveniente,
605 2716 663 2757 non
686 2701 725 2759 ita
746 2717 870 2777 magno,
891 2708 922 2759 nt
937 2701 1087 2760 transitum
1103 2717 1170 2778 pro·

130 2780 262 2854 biberet,
292 2790 455 2840 moraretur
482 2791 577 2841 tamen
610 2784 782 2861 rapiditate,
820 2785 942 2844 alteram
966 2783 1115 2859 legionem
1145 2785 1171 2842 in

130 2865 249 2925 occulto
287 2865 358 2923 citra
390 2864 496 2925 humen
525 2866 698 2942 collocarit,
736 2876 767 2926 ut
795 2866 898 2927 hostes
924 2870 1072 2946 paucitate
1102 2885 1171 2927 con-

130 2957 240 3026 tempta
262 2947 400 3008 audacius
419 2960 620 3029 sequerentur.
671 2950 757 3023 Quod
781 2951 830 3010 obi
858 2952 1049 3027 factumest,
1079 2951 1171 3029 legio,

131 3049 207 3110 quae
226 3031 263 3090 ob
287 3031 344 3091 hoo
366 3033 507 3113 disposita
530 3043 608 3112 erat,
633 3035 669 3094 de
692 3036 801 3095 insidiis
823 3035 938 3095 hostem
960 3036 1101 3113 adgressa
1122 3054 1172 3096 va·

130 3116 228 3176 stavit.

217 3198 247 3259 3.
268 3198 430 3278 Iphicrates
453 3202 482 3262 in
506 3202 659 3262 Thraciam
678 3219 742 3261 cum
764 3210 887 3281 propter
912 3203 1109 3264 conditionem
1130 3204 1173 3265 lo·

132 3301 232 3344 corum
250 3282 367 3360 longum
387 3303 491 3363 agmen
515 3285 676 3347 deduceret
696 3294 727 3345 et
747 3288 903 3346 nuntiatum
922 3288 950 3346 ei
971 3297 1052 3347 esset
1070 3287 1173 3348 hostes

132 3385 270 3428 summum
288 3367 318 3428 id
336 3370 547 3447 adgressuros,
564 3369 703 3429 cohortes
725 3371 754 3429 in
772 3379 895 3448 utraque
913 3371 1005 3431 latera
1027 3373 1174 3432 secedere

133 3462 163 3514 et
178 3454 341 3515 consistere
352 3455 451 3530 iussit,
466 3461 583 3514 ceteros
594 3452 754 3532 subfugere
767 3463 797 3516 et
810 3456 867 3515 iter
876 3463 1033 3516 maturare.
1067 3456 1173 3516 'frans-
