2438 3848
85 155 125 216 62
418 165 794 216 snx.1un11unonn1u1
876 134 888 149 ’

170 321 199 382 8.
224 321 392 400 Aristippus
406 321 654 382 Lacedaemonius
672 322 748 382 iesto
772 322 818 383 die
839 321 1045 399 Tegeatarum,
1069 340 1127 402 quo

86 407 178 467 omnis
197 406 346 466 multitudo
359 406 395 466 ad
414 406 618 466 celebrandum
632 406 780 466 Minervae
790 424 905 465 sacrum
918 405 991 465 urbe
1004 425 1129 483 egressa

87 501 165 567 erat,
191 492 316 551 iumenta
339 491 435 550 saccis
459 490 653 550 frumentariis
680 491 766 570 palea
793 491 911 549 refertis
939 500 1043 550 onusta
1071 490 1127 550 Te·

86 594 171 653 geam
190 577 283 650 misit,
306 574 458 651 agentibus
479 592 515 634 ea
536 575 687 651 militibus,
716 575 764 653 qui
785 575 1001 652 negotiatorum
1025 575 1128 653 specie

85 660 265 751 inqbservati
286 667 387 736 portas
409 668 586 736 aperuerunt
609 661 678 718 suis.

172 744 201 803 9.
243 741 404 801 Antiochus
426 745 454 801 in
476 741 664 820 Cappadocia
684 761 721 802 ex
743 741 867 801 castello
887 742 1020 817 Soanda,
1049 742 1128 820 quod

88 826 259 900 obsidebat,
282 828 407 886 iumenta
429 826 630 886 frumentatum
653 844 776 904 egressa
804 827 976 904 intercepit,
1005 829 1128 887 occisis·
1145 826 1153 839 ''

88 929 143 989 que
167 909 335 985 calonibus,
363 910 529 970 eorumdem
551 913 659 970 vestitu
685 911 790 969 milites
811 928 881 969 suos
903 919 1049 988 tamquam
1070 911 1129 970 iru-

86 1003 211 1054 mentum
235 1000 420 1073 reportantes
446 992 592 1053 submisit:
622 1013 678 1072 qno
700 1011 802 1054 errore
824 994 866 1053 illi
890 993 1060 1055 custodibus
1079 996 1130 1055 de·

1 1075 3 1088 '
88 1081 182 1159 ceptis
206 1078 358 1139 castellum
383 1080 562 1138 intraverunt
589 1079 824 1157 admiseruntque
851 1079 958 1138 milites
981 1077 1128 1139 Antiochi.

176 1163 223 1224 10.
268 1163 414 1239 Thebani,
443 1182 507 1222 cum
533 1173 650 1242 portum
677 1164 883 1237 Sicyoniorum
901 1162 980 1222 nulla
1001 1164 1030 1222 vi
1052 1163 1130 1223 redi·

87 1266 161 1326 gere
189 1250 217 1307 in
242 1257 418 1326 potestatem
444 1265 524 1307 suam
550 1256 687 1325 possent,
712 1265 816 1306 navem
844 1248 990 1323 ingentem
1013 1249 1131 1307 armatis

89 1332 325 1411 compleverunt,
348 1333 482 1409 exposita
500 1349 590 1410 super
610 1350 727 1408 merce,
746 1340 777 1390 ut
795 1333 1007 1407 negotiatorum
1026 1333 1132 1410 specie

88 1416 242 1476 fallerent:
266 1415 302 1474 ab
324 1434 358 1475 ea
381 1415 486 1474 deinde
508 1424 591 1492 parte
610 1433 772 1490 murorum,
795 1433 870 1493 quae
893 1414 1064 1492 longissime
1083 1434 1130 1474 re-

88 1509 165 1559 mota
182 1509 260 1573 erat,
282 1498 426 1576 adparere
445 1516 555 1576 paucos
571 1499 792 1576 disposuerunt,
816 1518 880 1559 cum
899 1500 1004 1577 quibus
1020 1517 1038 1557 e
1056 1517 1130 1558 nave

88 1583 202 1661 quidam
231 1582 346 1658 egressi
373 1583 499 1640 inermes
527 1582 659 1642 simulata
681 1584 743 1642 rixa
773 1592 990 1643 concurrerent.
1025 1584 1130 1659 Sicyo·

88 1669 142 1726 niis
165 1667 200 1726 ad
219 1665 407 1726 dirimendum
429 1666 458 1724 id
480 1667 602 1741 iurgium
622 1667 789 1743 advocatis,
814 1667 971 1728 Thebanae
992 1685 1084 1727 naves
1103 1677 1132 1726 et

90 1761 202 1831 portum
224 1760 376 1808 vacantem
400 1758 428 1808 et
449 1748 547 1808 urbem
567 1761 795 1829 occupaverunt.

175 1835 223 1894 ll.
274 1833 442 1894 Timarchus
469 1832 610 1910 Aetolus,
645 1837 745 1895 occiso
776 1833 937 1895 Charmade
969 1833 1132 1894 Ptolemaei

88 1920 168 1996 regis
189 1919 357 1998 praefecto,
383 1918 534 1994 chlamyde
564 1921 728 1998 interempti
758 1929 787 1980 et
808 1921 911 1997 galero
934 1919 970 1979 ad
993 1917 1131 1978 Macedo·

88 2005 182 2064 nicum
210 2013 327 2063 ornatus
357 2013 402 2063 cst
428 2003 563 2063 habitum.
608 2004 665 2063 Per
691 2004 767 2064 hunc
796 2023 926 2064 errorem
955 2019 1010 2082 pro
1041 2001 1132 2062 Char·

88 2090 171 2149 made
194 2090 345 2149 Saniorum
367 2090 395 2148 in
417 2097 531 2167 portum
554 2097 712 2167 receptus,
735 2091 900 2167 occupavit.

490 2254 640 2315 CAPUT
664 2254 726 2315 lll.

297 2386 344 2432 nn
365 2385 568 2432 unucununrs
590 2387 639 2432 An
660 2346 916 2434 ancorrrouuru.

177 2511 204 2568 1.
248 2507 380 2584 Papirius
404 2503 514 2564 Cursor
543 2507 645 2565 consul
668 2507 744 2585 apud
770 2506 924 2566 Tarentum
943 2506 1061 2583 Miloni,
1086 2506 1134 2585 qui

91 2612 154 2653 cum
191 2592 335 2670 praesidio
371 2589 556 2668 Epirotarum
588 2591 689 2650 urbem
723 2591 891 2668 obtinebat,
924 2591 1048 2651 salutem
1079 2591 1135 2668 ipsi

91 2686 120 2736 et
140 2675 347 2754 popularibus,
371 2674 395 2732 si
416 2692 470 2752 per
490 2674 569 2733 illum
589 2676 698 2753 oppido
719 2677 878 2754 potiretur,
903 2677 1055 2754 pollicitus
1078 2683 1133 2734 est.

91 2759 202 2834 Quibus
224 2759 360 2837 praemiis
379 2758 429 2818 ille
453 2767 607 2837 corruptus
624 2762 770 2838 persuasit
784 2759 966 2837 Tarentinis,
984 2768 1015 2819 ut
1036 2777 1070 2818 se
1093 2760 1134 2819 le·

90 2855 186 2920 gatum
206 2845 242 2903 ad
259 2843 409 2902 consulem
424 2845 585 2902 mitterent:
605 2861 621 2903 a
643 2862 700 2922 qno
716 2845 802 2923 plena
825 2846 969 2924 promissa
990 2862 1027 2903 ex
1046 2853 1134 2922 pacto

90 2928 241 3003 referens,
269 2928 297 2986 in
320 2929 505 2987 securitatem
532 2928 695 3006 oppidanos
716 2929 859 3005 resolvit,
884 2938 972 3008 atque
994 2930 1034 2988 ita
1056 2930 1135 2988 incu-

91 3012 226 3072 stoditam
249 3011 350 3071 urbem
373 3011 492 3072 Cursori
512 3013 636 3072 tradidit.

21 3100 27 3107 '
176 3095 205 3154 2.
247 3094 284 3155 td.
303 3095 477 3172 Marcellus,
504 3115 567 3155 cum
584 3097 797 3171 Syracusanum
820 3096 974 3175 quemdam
994 3097 1137 3156 Sosistra-

91 3188 149 3239 tum
170 3179 204 3239 ad
229 3181 422 3259 proditionem
445 3180 653 3255 sollicitasset,
675 3199 712 3239 ex
736 3198 774 3240 eo
797 3181 935 3258 cognovit
951 3182 1138 3240 remissiores

92 3265 238 3324 custodias
260 3264 326 3324 fore
345 3265 391 3325 die
409 3265 504 3340 festo,
530 3282 587 3344 qno
605 3263 754 3343 Epicydes
775 3264 960 3344 praebiturus
975 3274 1057 3324 esset
1079 3265 1138 3324 uini

91 3349 300 3427 epularumque
324 3351 447 3428 copiam.
489 3348 580 3426 igitur
602 3350 752 3409 insidiatus
772 3348 909 3410 hilaritati
925 3358 955 3409 et
973 3366 1049 3427 quae
1073 3368 1139 3409 eam

90 3433 269 3512 sequebatur
305 3432 478 3511 socordiae,
515 3434 688 3493 munimenta
719 3434 906 3510 conscendit,
938 3433 1138 3513 uigilibusquo
