2438 3848
418 171 494 227 SEX.
515 171 604 221 1Uh11
625 171 796 222 anonam

507 325 716 388 CAPUTV.
814 391 817 395 .

409 456 819 505 onrusrorrs.

176 583 203 642 1.
244 578 399 653 Romulus,
422 596 477 656 per
494 576 624 638 latebras
643 578 792 656 copiarum
812 586 896 656 parte
911 577 1052 658 disposita
1070 598 1134 639 eum

89 665 125 725 ad
147 661 272 724 hidenas
295 663 489 738 accessisset,
518 663 651 722 simulata
672 661 741 738 fuga
764 671 875 722 temere
897 663 999 723 hostes
1016 664 1133 723 insecu-

89 759 137 809 tos
163 765 199 807 eo
222 747 374 824 perduxit,
404 745 453 805 uhi
477 744 610 805 occultos
637 745 763 806 habehat
783 746 905 823 milites,
935 748 983 824 qui
1006 748 1134 825 undique

89 833 183 893 adorti
203 830 312 890 effusos
330 839 359 888 et
375 831 506 888 incautos
527 828 707 888 ceciderunt.

172 913 201 976 2.
242 913 278 988 Q.
306 911 413 973 Fabius
441 912 582 972 Maximus
610 912 713 973 consul
742 913 851 972 auxilio
866 913 1002 987 ‚Sutrinis
1027 914 1134 974 missus

87 999 230 1060 adversus
255 997 415 1072 Etruscos,
440 1014 541 1057 omues
570 995 694 1057 hostium
724 998 826 1074 copias
853 998 882 1055 in
908 1016 942 1056 se
971 998 1133 1058 conuertit:

87 1081 194 1144 deinde
217 1082 349 1141 simulato
372 1082 475 1141 timore
498 1081 526 1139 in
546 1082 698 1159 superiora
720 1080 786 1140 loca
801 1081 882 1141 velut
896 1081 1013 1157 fugiens
1031 1099 1134 1141 reces-

87 1169 140 1244 sit,
166 1166 319 1244 effuseque
343 1164 501 1225 subeuntes
526 1164 685 1242 adgressus
714 1180 772 1223 nou
794 1166 859 1224 acie
880 1174 988 1224 tautum
1010 1182 1133 1244 supera·

86 1253 143 1327 vit,
164 1251 322 1311 sedetiam
343 1251 447 1309 castris
470 1250 559 1308 exuit.

172 1333 201 1394 3.
246 1334 436 1410 Sempronius
459 1331 606 1393 Gracchus
629 1330 770 1390 aduersus
795 1328 964 1391 Celtiberos
992 1340 1071 1392 metu
1094 1335 1132 1392 si·

86 1418 194 1478 mulato
208 1418 347 1476 continuit
363 1418 538 1476 exereitum:
555 1415 661 1473 emissa
677 1415 783 1474 deinde
801 1424 943 1475 armatura
959 1415 1036 1491 leui,
1057 1433 1133 1494 quae

85 1501 201 1561 hostem
218 1499 380 1560 lacesseret
396 1518 432 1558 ae
452 1501 546 1558 statim
566 1498 671 1577 pedem
687 1499 830 1574 referret,
845 1501 992 1558 'evocavit
1012 1499 1133 1566 hostos;

87 1584 193 1644 deinde
214 1583 394 1643 inordinatos
417 1582 576 1660 adgressus
598 1600 692 1661 usque
716 1599 752 1641 eo
777 1583 901 1659 cecidit,
923 1591 955 1641 ut
977 1584 1063 1642 etiam
1084 1601 1131 1643 ca·

86 1677 146 1728 stra
167 1676 297 1745 caperet.

166 1752 197 1811 4.
240 1749 378 1810 hletellus
406 1748 510 1810 consul
536 1751 564 1810 iu
584 1751 684 1811 Sicilia
713 1749 822 1809 bellum
845 1750 986 1810 adversus
1004 1748 1132 1810 Hasdru-

88 1835 186 1896 balem
207 1853 333 1912 gereus,
358 1834 396 1894 oh
416 1837 478 1894 eius
496 1836 642 1911 ingentem
657 1834 817 1896 exercitum
836 1843 865 1895 et
880 1843 994 1893 centum
1014 1834 1133 1911 triginta

87 1919 263 1998 elephantos
285 1920 437 1994 intentior,
461 1919 591 1978 simulata
613 1917 772 1977 diffidentia
793 1919 867 1976 iutra
886 1917 1058 1977 Panormum
1081 1934 1132 1977 co·

88 2005 151 2082 pias
166 2006 257 2063 tenuit
268 2003 436 2082 fossamque
450 2003 575 2079 ingentis
591 1999 791 2078 magnitudinis
810 2009 876 2060 ante
892 2020 925 2060 se
941 2001 1031 2060 duxit.
1056 1999 1132 2061 Gon·

87 2098 191 2166 specto
220 2085 325 2148 deiude
354 2087 486 2147 exercitu
514 2085 718 2161 Hasdrubalis,
744 2085 793 2160 qui
816 2085 844 2142 in
868 2087 960 2162 prima
983 2085 1047 2144 aeie
1072 2084 1132 2144 ele·

87 2173 212 2250 phantos
231 2171 374 2245 habehat,
397 2173 550 2249 praecepit
573 2169 709 2242 hastatis,
731 2167 791 2227 tela
814 2169 842 2227 in
864 2168 978 2228 belluas
1001 2168 1133 2229 iacerent

87 2264 286 2334 protenusque
307 2273 340 2312 se
361 2255 433 2312 intra
455 2255 626 2313 munimenta
647 2254 823 2331 reciperent.
868 2252 912 2312 Ea
934 2251 1132 2312 ludificatione

86 2347 220 2399 rectores
243 2337 464 2415 elephantorum
483 2338 639 2413 concitati,
661 2339 690 2397 iu
712 2337 804 2414 ipsam
824 2335 935 2396 fossam
957 2336 1132 2414 elephantos

86 2431 226 2499 egerunt:
246 2437 305 2500 quo
326 2429 356 2479 ut
378 2422 499 2498 primum
521 2420 677 2499 inlaqueati
700 2429 782 2494 suut,
812 2421 915 2497 partim
935 2420 1132 2496 magnitudine

86 2506 213 2566 telorum
233 2504 378 2579 confecti,
402 2505 504 2582 partim
521 2513 600 2563 retro
623 2506 652 2562 in
671 2520 740 2563 suos
757 2504 831 2579 acti,
855 2514 945 2564 totam
963 2505 1057 2564 aciem
1072 2512 1131 2563 tur·

86 2589 238 2650 hauerunt.
281 2588 362 2647 Tunc
384 2586 537 2664 Metellus,
568 2589 643 2647 haue
670 2588 808 2666 operiens
835 2590 1038 2663 occasionem,
1068 2601 1146 2647 cum·

85 2683 149 2734 toto
178 2673 310 2732 exercitu
338 2673 434 2748 erupit
467 2681 496 2731 et
529 2672 689 2749 adgressus
718 2689 734 2732 a
762 2671 855 2732 latere
883 2671 999 2732 Poenos
1024 2672 1132 2732 cecidit

85 2759 218 2836 ipsisque
240 2765 270 2814 ut
291 2765 320 2815 et
339 2755 503 2833 elephantis
526 2758 633 2834 potitus
656 2765 710 2815 est.
1033 2828 1036 2832 Ι

166 2841 196 2901 5.
240 2838 389 2914 Tomyris,
409 2839 581 2914 Scytharum
597 2841 715 2917 regina,
736 2836 843 2913 Cyrum
858 2839 1012 2900 Persarum
1028 2836 1132 2915 'regem

86 2941 183 3004 aequo
204 2921 297 2983 Marte
322 2932 499 2999 certantem,
523 2924 656 2983 simulato
678 2932 772 2997 metu,
798 2924 898 2983 elicuit
916 2923 952 2983 ad
972 2931 1057 2983 notas
1080 2924 1131 2983 mi·

84 3009 129 3068 liti
152 3025 206 3067 suo
222 3008 369 3083 augustias
384 3015 471 3086 atque
493 3008 552 3085 ihi,
571 3016 694 3087 repente
711 3023 856 3067 converso
877 3008 1008 3085 agmine,
1029 3015 1132 3068 natura

22 3147 25 3151 Α
84 3092 145 3151 1οοί
165 3091 261 3151 adiuta
283 3091 400 3150 devicit.

147 3200 152 3210 ·
168 3175 198 3236 fa
242 3173 400 3253 Aegyptii,
413 3175 575 3235 conflicturi
588 3175 652 3235 acie
664 3175 694 3232 iu
706 3173 749 3233 eis
761 3175 881 3253 campis,
897 3173 1002 3252 quihus
1014 3174 1132 3235 iunctae

84 3256 208 3338 paludes
230 3267 328 3333 eraut,
358 3259 425 3336 alga
454 3277 506 3318 eas
535 3264 743 3334 contexerunt,
768 3258 983 3336 commissoque
1014 3258 1131 3336 proelio

85 3343 184 3421 fugam
205 3341 373 3402 simulantes
393 3345 421 3401 in
441 3343 559 3402 insidias
579 3343 681 3402 hostes
703 3349 919 3417 evocaverunt,
937 3342 985 3419 qui
1002 3342 1133 3421 rapidius

86 3428 166 3488 vecti
195 3445 249 3506 per
268 3428 369 3506 ignota
393 3427 459 3487 loca
482 3426 550 3486 limo
572 3426 759 3487 inhaeserunt
784 3427 1032 3506 circumventique
1055 3434 1131 3487 sunt.
