2438 3848
192 185 239 231 ns
263 185 380 246 nouae
399 186 572 235 susumus
589 186 831 236 uassrsmoumu
852 189 968 238 urana.
1043 173 1101 241 101

57 355 145 418 qnam
159 338 356 417 adquisiverat
375 343 418 401 rei
441 336 576 418 publicae
595 343 765 418 commodo,
789 345 873 403 trium
893 345 1000 404 milium
1013 363 1105 424 opera

57 423 208 483 fabrorum
226 424 322 499 duxit,
347 426 392 483 cui
422 423 458 484 ab
489 435 611 486 auctore
632 425 760 486 Marciae
784 445 891 487 nomen
919 438 975 488 est.
1018 430 1103 508 Legi·

57 525 122 566 mus
145 508 221 586 apud
244 507 460 584 Fenestellam,
489 510 517 568 in
536 509 611 570 baec
633 528 726 589 opera
748 510 857 583 Marcio
883 513 1034 573 decretum
1056 532 1103 573 se·

57 593 191 652 stertium
221 591 316 651 milies
344 595 549 670 octingenties.
595 594 654 654 Sed
682 597 817 674 quoniam
846 596 882 655 ad
904 614 1102 658 consumman-

57 677 126 736 dum
153 677 301 753 negotium
329 693 387 736 non
416 678 581 738 sufficiebat
609 681 731 756 spatium
754 690 927 758 praeturae,
949 684 978 740 in
1000 699 1103 741 annum

58 761 182 819 alterum
209 769 255 820 cst
281 771 479 839 prorogatum.
525 761 569 821 Eo
595 770 728 842 tempore
753 766 928 840 decemviri,
952 766 1018 826 dum
1038 767 1103 826 aliis

57 863 97 905 ex
130 845 226 904 causis
253 844 344 904 libros
379 845 539 921 Sibyllinos
571 849 742 925 inspiciunt,
778 851 926 909 invenisse
959 851 1101 924 dicuntur,

56 946 116 989 non
145 947 212 989 esse
235 946 338 1007 aquam
360 928 512 1007 lllarciam,
536 932 597 991 sed.
619 933 715 1008 potins
735 932 894 1009 Anionem,
917 968 960 980 —-
986 936 1022 995 de
1045 935 1103 995 hoo

58 1015 136 1073 enim
166 1016 343 1072 constantius
371 1014 510 1089 traditur,
536 1049 578 1061 —-
609 1016 637 1073 in
667 1013 842 1095 Capitolium
872 1019 1101 1094 perducendam;

57 1098 155 1176 deque
178 1116 212 1157 ea
228 1115 261 1156 re
283 1099 312 1156 in
335 1107 437 1158 senatu
456 1117 472 1158 a
494 1099 623 1178 Lepido,
643 1117 698 1176 pro
720 1100 838 1177 collega
857 1102 948 1160 verba
963 1101 1102 1177 iaciente,

58 1191 155 1241 actum
182 1180 280 1259 Appio
313 1180 453 1257 Claudio,
481 1182 516 1255 Q.
548 1180 678 1242 Caecilio
706 1184 891 1260 consulibus,
921 1185 1102 1262 eandemque

57 1275 128 1344 post
155 1283 256 1324 annum
284 1268 400 1326 tertium
433 1284 449 1324 a
475 1265 505 1324 L.
528 1264 651 1326 Lentulo
673 1277 872 1327 retractatam:
901 1268 955 1327 sed
977 1278 1101 1346 utroque

57 1360 191 1428 ternpore
220 1352 328 1410 vicisse
359 1351 480 1427 gratiam
503 1349 603 1410 lllarcii
629 1351 736 1428 Regis;
765 1360 852 1428 atque
875 1353 912 1411 ita
935 1354 964 1411 in
983 1350 1100 1430 Capito·

56 1435 127 1494 lium
148 1452 215 1493 esse
237 1452 340 1513 aquam
360 1435 539 1513 perductam.
586 1433 756 1514 Concipitur
773 1435 881 1495 lilarcia
901 1438 948 1496 via
970 1436 1100 1512 Valeria,

58 1518 95 1578 ad
115 1518 264 1577 miliarium
285 1532 413 1595 XXXVI,
437 1520 610 1579 diverticulo
627 1520 761 1580 euntibus
781 1520 817 1580 ab
836 1519 909 1580 urbe
926 1520 1017 1579 Roma
1030 1519 1100 1579 dex·

55 1605 171 1661 trorsu's
194 1603 300 1662 milium
322 1622 458 1681 passuum
479 1605 571 1663 trium.
617 1605 790 1664 Sublacensi
816 1615 927 1680 autem,
952 1623 1026 1682 quae
1048 1602 1100 1662 snb
1159 1682 1161 1686 ,

57 1686 177 1745 Nerone
203 1687 339 1765 Principe
366 1689 486 1766 primum
515 1698 604 1749 strata
630 1700 692 1765 est,
725 1690 761 1749 ad
784 1690 936 1749 miliarium
961 1701 1100 1748 XXXVIII

57 1772 261 1847 sinistrorsus,
290 1774 363 1831 intra
386 1773 508 1849 spatium
527 1791 664 1850 passuum
683 1775 892 1848 ducentorum,
917 1775 1037 1832 fontium
1060 1773 1100 1831 in·

57 1856 136 1914 linita
157 1853 335 1915 multitudine
354 1856 407 1914 sub
429 1855 588 1914 fornicibus
612 1859 740 1934 petraeis
763 1859 902 1932 scatenti,
929 1867 983 1931 stat
999 1858 1100 1915 immo-

57 1938 126 1998 bilis
147 1942 240 2015 stagni
259 1941 363 2013 modo,
387 1939 490 1997 colore
513 1941 660 2016 perviridi.
705 1939 819 1997 Ductus
841 1941 904 1997 eius
927 1940 1017 1998 lrabet
1037 1939 1099 1998 lon·

56 2024 214 2100 gitudinem
236 2041 252 2081 a
277 2023 373 2099 capite
400 2021 435 2081 ad
457 2022 560 2080 urbem
579 2040 715 2099 passuum
737 2035 798 2081 LXI
825 2023 932 2096 milium
954 2034 1049 2081 Dccx
1072 2031 1102 2082 et

56 2109 163 2167 semis:
191 2108 253 2164 rivo
276 2105 468 2164 subterraneo
485 2123 621 2181 passuum
639 2119 698 2166 le
719 2106 826 2164 milium
842 2118 983 2165 ccxhvn
1004 2115 1032 2164 et
1054 2125 1101 2165 se·

55 2193 125 2257 mis:
149 2207 241 2266 opere
265 2206 352 2266 snpra
370 2198 475 2248 terram
497 2207 632 2266 passuum
652 2203 702 2249 vn
725 2188 833 2248 milium
852 2202 1041 2250 cccccxm:
1064 2208 1102 2249 ex

56 2293 94 2335 eo
116 2274 234 2349 longius
255 2272 291 2331 ab
309 2273 380 2331 urbe
397 2273 528 2351 pluribus
549 2274 623 2332 locis
640 2275 786 2351 superiori
807 2283 889 2353 parte
907 2275 992 2334 vallis
1007 2291 1101 2353 opere

55 2367 176 2420 arcuato
205 2375 342 2434 passuum
368 2369 558 2424 ccchxtn:
589 2360 710 2438 propius
738 2360 839 2418 urbem
868 2360 1099 2420 av11miliari0
1172 2437 1174 2440 Ι

55 2441 273 2502 substructione
298 2459 435 2520 passuum
461 2455 615 2512 Dxxv111;
636 2444 752 2522 reliquo
776 2461 870 2524 opere
892 2453 1011 2505 arcuato
1034 2461 1099 2523 pas-

56 2544 139 2586 suum
161 2504 324 2585 vrffnih'nm
347 2539 543 2586 ccccnxxn.
1055 2527 1057 2530 ‘

143 2609 172 2669 8.
214 2610 267 2669 Cn.
298 2611 439 2688 Servilius
464 2609 575 2689 Caepio
603 2619 634 2670 et
654 2609 685 2670 L.
708 2608 826 2670 Cassius
858 2610 1021 2687 Longinus,
1051 2611 1101 2687 qui

56 2693 171 2753 Ravilla
193 2694 357 2772 appellatus
385 2704 444 2770 est,
463 2713 623 2771 censores,
650 2711 724 2753 anno
746 2704 812 2771 post
833 2694 935 2752 urbem
958 2694 1102 2753 conditam

57 2790 222 2852 Dcxxvn,
250 2776 289 2835 Μ.
317 2777 430 2837 Plautio
462 2779 617 2857 Hypsaeo,
646 2778 750 2837 Fulvio
779 2778 889 2837 Flacco
920 2777 1099 2852 consulibus,

56 2879 179 2940 aquam,
204 2880 278 2939 quae
301 2871 423 2921 vocatur
443 2861 572 2942 Tepula,
593 2881 631 2922 ex
647 2879 718 2938 agro
734 2860 911 2934 Lucullano,
936 2877 1021 2939 quem
1039 2862 1100 2940 qui-

56 2947 122 3006 dam
141 2944 335 3005 Tusculanum
356 2945 496 3022 credunt,
519 2947 640 3006 Romam
663 2956 693 3006 et
715 2948 743 3004 in
767 2943 940 3023 Capitolium
955 2945 1100 3005 adducen-

57 3030 123 3091 dam
146 3038 331 3090 curaverunt.
376 3027 489 3107 Tepula
512 3033 675 3109 concipitur
696 3032 742 3089 via
765 3030 880 3104 Latina,
905 3030 941 3090 ad
967 3045 992 3090 x
1010 3031 1099 3091 milia·

56 3116 145 3189 rium,
163 3114 336 3173 diverticulo
353 3113 486 3172 euntibus
502 3115 538 3174 ab
550 3114 641 3173 Roma
658 3114 829 3174 dextrorsus
845 3113 950 3174 milium
964 3134 1101 3194 passuum

57 3198 158 3259 duum:
183 3199 249 3258 inde
270 3199 333 3256 rivo
357 3213 410 3255 suo
429 3197 458 3255 in
479 3199 581 3257 urbem
604 3196 829 3276 perducebatur.

142 3282 171 3343 9.
206 3282 276 3342 Post
300 3281 338 3340 Μ.
363 3281 512 3360 Agrippa,
537 3283 640 3342 aedilis
669 3291 737 3359 post
764 3283 884 3361 primum
908 3285 1100 3358 consulatum,

57 3367 237 3446 Imperatore
260 3365 389 3426 Caesare
410 3365 544 3442 Augusto
562 3365 605 3443 ll,
625 3366 655 3424 L.
674 3366 810 3426 Volcatio
829 3368 1007 3442 consulibus,
1026 3384 1100 3428 anno

58 3462 126 3530 post
154 3451 254 3511 urbem
282 3453 426 3512 conditam
453 3463 607 3529 Dccxtx,
637 3452 673 3512 ad
700 3451 852 3512 miliarium
876 3451 913 3510 ab
942 3450 1116 3515 urbem,
