2438 3848
186 177 527 228 snsnuuonmn‘ruoon
548 178 618 226 uun.
640 179 691 227 111.
713 178 789 227 cnr.
811 179 883 228 xvr.
906 180 991 230 xvn.
1072 164 1112 226 77

67 354 156 414 quarn
176 343 343 413 qpportuno
371 341 401 393 et
423 334 491 393 loco
514 342 545 393 ct
566 341 698 412 tempore
720 334 852 411 fecerat,
881 334 1054 412 Caesarem,
1077 336 1113 396 ad

67 419 223 480 castellum
239 418 317 497 quod
339 417 448 496 duplici
464 417 621 477 munitione
642 419 811 479 instructum
827 427 890 478 erat
912 419 997 479 avide
1015 421 1114 479 irrum-

67 513 206 583 pentem,
231 502 362 562 exterior
389 501 454 580 ipse
477 502 668 562 circumfusus
691 520 800 562 corona
823 501 976 579 obligavit,
999 513 1030 563 ut
1052 503 1113 578 ille,

66 590 144 647 inter
172 603 226 647 eos
256 603 331 665 quos
359 584 514 645 obsidebat
541 595 570 646 et
599 603 652 645 eos
683 588 731 664 qui
758 595 842 647 extra
864 588 1115 647 circumvenerant

45 672 199 748 medius,
222 687 280 730 non
301 670 370 729 leve
392 669 555 748 periculum
577 678 607 729 et
629 671 831 731 detrimentum
852 673 988 734 senserit.

103 782 115 813 '⁶
152 772 182 830 5.
221 769 339 829 Flavius
360 769 486 831 Fimbria
509 771 538 829 in
560 769 630 831 Asia
658 772 735 850 apud
760 770 950 846 Rhyndacum
972 771 1114 832 adversus

65 857 157 916 lilium
174 853 362 930 Mithridatis,
380 854 508 914 brachiis
534 855 570 914 ab
595 855 690 915 latere
717 856 826 931 ductis,
856 856 960 916 deinde
982 857 1063 916 fossa
1085 859 1114 915 in

63 941 164 1000 fronte
179 956 342 1016 percussa,
364 940 491 1017 quietem
508 939 536 997 in
553 939 631 999 vallo
646 940 766 999 militem
781 942 887 1017 tenuit,
910 940 1005 1000 donec
1023 942 1113 999 hosti·

65 1025 102 1084 lis
126 1024 271 1101 equitatus
291 1023 411 1082 intraret
431 1024 579 1099 angustias
601 1025 854 1092 munimentorum;
878 1033 937 1083 tum
959 1027 1113 1102 eruptione

67 1109 146 1169 iacta
170 1124 224 1167 sex
245 1106 322 1165 milia
345 1123 446 1165 eorum
466 1106 580 1166 cecidit.

154 1207 184 1270 6.
227 1198 263 1266 (3².
285 1205 396 1267 Caesar
416 1209 445 1266 in
463 1205 574 1283 Gallia,
597 1204 704 1285 deletis
724 1207 760 1266 ab
780 1206 951 1284 Ambiorige
972 1225 1046 1283 rege
1065 1206 1112 1268 Ti·

66 1294 135 1352 turii
155 1290 255 1353 Sabini
278 1301 306 1352 et
329 1289 434 1351 Cottae
457 1291 621 1367 legatorum
644 1291 754 1368 copiis,
777 1309 841 1351 cum
863 1309 879 1351 a
901 1290 936 1364 Q.
954 1289 1111 1368 Cicerone,

65 1379 115 1455 qui
146 1385 176 1436 et
205 1377 269 1453 ipse
292 1374 531 1453 obpugnabatur,
558 1375 668 1434 certior
685 1375 780 1435 lactus
799 1393 863 1435 cum
884 1374 995 1435 duabus
1017 1375 1111 1453 legio·

64 1461 150 1520 nibus
180 1459 367 1534 adventaret,
397 1460 548 1518 conversis
570 1458 718 1534 hostibus,
747 1468 854 1520 metum
876 1459 1021 1541 simulavit
1037 1460 1110 1520 mili-

63 1553 172 1622 tesque
189 1545 218 1602 in
235 1545 354 1618 castris,
375 1561 449 1621 quae
469 1545 577 1603 artiora
596 1534 684 1602 sollio
702 1544 840 1604 industria
855 1545 984 1620 lecerat,
1007 1547 1108 1606 tenuit.

64 1627 157 1703 Galli,
189 1636 375 1706 praesumpta
401 1629 457 1686 iam
477 1629 601 1689 victoria
622 1628 703 1687 velut
731 1627 926 1707 adpraedam
949 1639 1110 1688 castrorum

63 1712 237 1785 tendentes,
260 1710 356 1770 iossas
368 1712 491 1791 implere
508 1720 537 1769 ct
552 1711 660 1772 vallum
672 1711 827 1772 detrahere
842 1722 1012 1790 coeperunt.
1045 1713 1108 1785 Qua

62 1814 96 1855 re
115 1795 231 1873 proelio
247 1811 305 1853 non
319 1796 434 1875 aptatos
452 1792 578 1872 Caesar,
595 1797 703 1855 emisso
721 1804 844 1874 repente
860 1796 986 1873 undique
1004 1796 1106 1895 milite,

62 1879 228 1939 trucidavit.

149 1980 178 2037 7.
203 1978 329 2039 'litorius
349 1977 491 2052 Sabinus,
513 1978 656 2036 adversus
679 1977 828 2038 Gallorum
848 1979 972 2056 amplum
993 1983 1106 2039 exerci-

61 2072 121 2123 tum
145 2063 320 2122 continendo
342 2061 460 2120 militem
476 2061 550 2119 iutra
571 2063 759 2141 munimenta,
784 2063 928 2140 praestitit
946 2063 988 2120 eis
1012 2065 1105 2140 suspi-

62 2149 178 2207 cionem
198 2148 365 2213 metuentis;
390 2146 475 2203 cuius
495 2144 646 2220 angendae
665 2162 753 2204 causa
775 2145 928 2225 perfugam
943 2147 1035 2222 misit,
1057 2149 1106 2224 qui

61 2231 228 2291 adfirmaret
250 2230 411 2291 exercitum
425 2228 620 2288 Romanorum
642 2229 671 2287 in
694 2229 900 2310 desperatione
927 2248 994 2289 esse
1015 2248 1050 2290 ac
1070 2231 1105 2290 de

61 2315 134 2392 iuga
163 2316 304 2392 cogitare.
349 2312 470 2373 Barbari
493 2311 592 2372 oblata
613 2313 757 2374 victoriae
786 2332 840 2394 spe
862 2315 997 2374 concitati
1020 2315 1105 2392 lignis

60 2400 273 2476 sarmentisque
300 2417 333 2458 se
364 2405 574 2472 oneraverunt,
599 2398 703 2475 quibus
725 2398 822 2459 fossas
841 2399 1041 2477 complerent,
1065 2401 1104 2459 in·

60 2484 202 2561 gentique
225 2500 310 2541 cursu
331 2491 425 2541 castra
447 2490 546 2541 nostra
567 2483 595 2540 in
614 2482 692 2544 colle
709 2485 804 2562 posita
826 2485 1005 2561 petiverunt:
1028 2485 1104 2544 unde

58 2569 88 2625 in
110 2583 164 2626 eos
181 2564 308 2626 Titurius
324 2567 475 2626 universas
497 2566 612 2627 immisit
635 2568 755 2646 copias,
778 2567 934 2645 multisque
958 2565 1105 2628 Gallorum

59 2651 158 2710 caetis
176 2649 315 2730 plurimos
337 2651 366 2709 in
387 2648 563 2710 deditionem
583 2653 708 2729 accepit.

145 2748 175 2810 8.
219 2749 377 2825 Asculani,
398 2748 586 2828 obpugnante
602 2768 703 2811 eorum
719 2751 856 2830 oppidum
871 2751 1022 2829 Pompeio,
1039 2770 1104 2811 cum

56 2851 171 2915 paucos
192 2852 280 2894 senes
302 2850 410 2912 aegros
425 2835 453 2893 in
474 2836 562 2894 muris
575 2835 783 2912 ostendissent,
804 2834 842 2894 ob
858 2835 888 2896 id
907 2852 1029 2895 securos
1044 2835 1103 2895 Ro·

55 2934 159 2980 manos
178 2921 331 2996 eruptione
353 2918 431 2978 iacta
449 2918 631 2996 fugaverunt.

143 3019 172 3080 9.
217 3019 380 3079 Numantini
406 3018 523 3078 obsessi
555 3036 592 3076 ne
622 3036 676 3097 pro
702 3017 782 3077 vallo
813 3017 930 3093 quidem
959 3020 1100 3080 instruxe-

55 3113 123 3164 runt
154 3104 248 3163 aciem
279 3104 415 3180 adeoque
443 3121 476 3161 se
507 3104 732 3175 continuerunt,
764 3108 794 3159 ut
823 3094 949 3180 Popillio
982 3103 1101 3166 Laenati

54 3188 162 3248 fiducia
188 3187 273 3247 heret
295 3186 383 3247 scalis
406 3186 543 3264 oppidum
567 3184 772 3262 adgrediendi:
796 3203 854 3263 quo
876 3186 981 3247 deinde
1004 3192 1099 3267 suspi-

54 3280 142 3332 cante
167 3271 303 3346 insidias,
333 3271 399 3348 quia
426 3288 463 3328 ne
490 3278 558 3328 tunc
586 3270 701 3346 quidem
729 3267 942 3347 obsistebatur,
971 3289 1006 3331 ac
1029 3289 1098 3331 suos

52 3364 235 3432 revocante,
265 3356 418 3434 eruptione
446 3353 523 3412 iacta
552 3370 673 3413 aversos
701 3362 729 3413 et
762 3353 976 3416 descendentes
1004 3356 1098 3415 adorti

52 3448 128 3500 sunl.
