2438 3848
111 159 171 222 126
444 171 630 219 samsonis
651 171 820 219 nnonnnu

107 342 147 389 111
175 336 205 386 et
231 325 372 403 Verginio
402 326 478 386 linio
508 340 548 385 111
579 325 768 402 consulibus,
808 325 845 385 ad
874 342 929 385 nos
960 342 1031 385 cura
1062 335 1156 387 trans·

107 412 165 473 lm
189 421 265 556 e1⁸33.
311 491 394 552 Nunc
424 511 498 571 quac
529 492 690 552 observare
720 503 837 552 curator
866 511 1006 571 aquarum
1034 491 1155 568 debeat,

109 589 139 641 et
161 581 245 656 leges
268 587 445 656 senatusque
468 577 601 637 consulta
622 577 659 637 ad
681 578 880 637 instruendum
897 595 962 635 eum
979 577 1155 653 pertinentia

108 664 289 741 subiungam.
335 661 420 720 Circa
442 663 485 720 ins
509 662 660 721 ducendae
677 679 770 739 aquae
786 665 813 720 in
830 663 951 739 privatis
969 661 1154 720 observanda

109 758 191 823 sunt,
225 766 261 806 ne
292 747 356 824 quis
387 747 448 804 sine
475 746 579 805 litteris
602 743 755 821 Caesaris,
786 747 815 805 id
838 754 941 804 estne
964 746 1029 824 quis
1050 764 1155 823 aquam

108 832 253 912 publicam
282 846 339 887 non
361 831 558 906 impetratam,
590 839 634 905 et,
662 848 698 888 ne
722 831 786 906 quis
808 829 932 908 amplius
955 847 1039 907 quam
1063 832 1153 908 impe·

108 917 193 977 travit
220 915 315 974 ducat.
360 913 402 972 lta
425 915 499 972 enim
525 913 702 988 efficiemus,
731 922 761 972 ut
783 914 903 989 modus,
933 932 1019 992 quiem
1040 914 1153 992 adquiri

108 999 247 1074 diximus,
281 999 375 1075 possit
396 998 431 1057 ad
453 1015 546 1056 novos
569 998 708 1057 salientes
732 1005 761 1056 et
784 998 819 1057 ad
838 1015 913 1057 nova
935 998 1078 1073 Principis
1102 998 1153 1056 be·

108 1084 212 1143 nelicia
239 1083 398 1160 pertinere.
443 1082 474 1140 ln
501 1091 624 1160 utroque
652 1091 746 1140 autem
774 1100 877 1158 magna
906 1100 976 1141 cura
998 1082 1153 1160 multiplici

108 1167 282 1246 opponenda
303 1167 397 1225 fraudi
420 1176 474 1225 est.
520 1167 653 1225 Sollicite
676 1165 798 1225 subinde
821 1167 924 1226 ductus
946 1176 1030 1224 extra
1051 1166 1153 1226 urbem

108 1251 304 1314 circumeundi
327 1250 362 1309 ad
385 1252 628 1326 recognoscenda
650 1249 808 1309 beneficia:
831 1252 907 1310 idem
928 1251 956 1308 in
972 1250 1105 1310 castellis
1124 1260 1153 1309 et

107 1336 278 1396 salientibus
302 1335 482 1410 laciendum,
513 1344 542 1393 ut
562 1337 624 1394 sine
645 1335 858 1393 intermissione
879 1333 980 1394 diebus
1004 1334 1152 1394 noctibus·

109 1439 165 1499 que
188 1438 261 1497 aqua
284 1418 368 1486 lluat;
392 1419 470 1496 quod
492 1429 610 1478 senatus
633 1435 750 1497 quoque
768 1420 901 1479 consulto
919 1428 1036 1478 curator
1051 1419 1154 1479 lacere

107 1504 241 1577 iubetur,
269 1504 350 1560 cuius
371 1503 445 1561 haec
466 1502 556 1562 verba
578 1511 659 1562 sunt:
741 1538 745 1542 ·

195 1587 264 1646 104.
311 1599 406 1656 ouon
440 1599 473 1656 o.
502 1600 630 1646 numus
665 1599 821 1664 suanno,
858 1600 992 1646 Pronus
1025 1600 1152 1647 ruerus

107 1683 266 1732 MAXIMUS
290 1682 383 1729 COSS.
407 1684 440 1730 V.
460 1684 491 1728 F.
514 1684 562 1728 DE
584 1685 731 1731 NUMERO
755 1684 982 1731 PUBLICORUM
1009 1685 1153 1731 SALIEN-

108 1769 209 1832 TIUM,
239 1763 299 1826 QUI
328 1768 364 1813 IN
392 1767 483 1813 URBE
506 1767 638 1814 ESSENT
664 1769 842 1827 INTRAQUE
865 1768 1048 1815 AEDIFIGIA
1069 1770 1153 1816 URBI

107 1851 323 1917 consumens,
339 1851 429 1910 Quos
441 1853 477 1898 u.
487 1852 638 1899 AGRIPPA
650 1852 823 1917 eucissus,
837 1854 869 1911 o.
880 1854 951 1900 ne.
961 1854 1078 1900 o.n.n.
1087 1854 1111 1900 1.
1121 1853 1151 1901 c.

105 1937 222 1996 NEQUE
246 1937 378 1983 AUGERI
397 1936 555 1983 PLACERE
576 1937 692 1996 NEQUE
715 1938 817 1984 MINUI
838 1937 1011 1984 NUMERUM
1032 1939 1153 1984 PUBLI-

107 2022 227 2069 CORUM
260 2021 495 2085 SALIENTIUM,
535 2021 626 2080 QUOS
655 2021 748 2070 NUNC
777 2022 860 2068 ESSE
896 2022 1082 2069 RETULERE
1115 2023 1152 2088 11,

107 2107 232 2166 QUIBUS
262 2106 447 2153 NEGOTIUM
473 2105 496 2151 A
523 2106 659 2152 SENATU
686 2107 751 2153 EST
778 2106 1003 2171 IMPERATUM,
1032 2108 1077 2154 UT
1101 2108 1153 2154 IN-

107 2190 299 2239 SPIcununu
324 2190 437 2248 nouas
465 2190 633 2236 PUBLIOAS
659 2191 875 2249 Inuituuuouu
900 2191 1073 2238 NUMERUM
1096 2191 1152 2239 sd-

106 2275 278 2320 stridulum
299 2273 535 2320 Puouloonum.
570 2275 727 2333 lunmoou
747 2274 922 2340 Pnncnnn,
945 2275 1152 2323 cunduonns

105 2357 290 2420 AQUARUM,
313 2357 402 2415 QUOS
426 2357 559 2403 CAESAR
581 2359 761 2406 AUGUSTUS
781 2359 829 2404 EX
845 2359 1000 2407 SENATUS
1020 2359 1153 2407 AUCTO-

106 2441 234 2487 RlTATE
275 2439 491 2505 NOMINAVIT,
534 2443 630 2489 DARE
666 2443 828 2508 OPERAM,
861 2445 921 2491 UTI
958 2444 1152 2492 SALIENTES

105 2524 246 2572 PUBLIOI
266 2524 363 2582 QUAM
382 2525 630 2573 Anslnulsslmu
650 2528 821 2574 INTERDIU
838 2527 1013 2575 suntoculi
1027 2529 1152 2588 AQUAM

105 2610 144 2656 ru
163 2609 257 2656 usum
277 2609 406 2655 Porum
426 2611 649 2658 nunnunnur.
671 2633 714 2642 -
741 2599 772 2657 ln
795 2600 852 2659 hoc
874 2609 991 2658 senatus
1015 2601 1152 2660 consulto

107 2681 279 2741 crediderim
298 2681 505 2756 adnotandum,
531 2683 608 2759 quod
630 2693 748 2755 senatus
770 2693 826 2743 tam
846 2685 946 2759 augeri
966 2702 1050 2761 quam
1064 2687 1152 2744 minui

107 2766 267 2826 salientium
290 2766 470 2844 publicorum
489 2785 637 2825 numerum
651 2769 785 2827 vetuerit.
831 2768 863 2827 ld
880 2769 986 2827 lactum
1004 2771 1151 2843 existimo,

106 2852 172 2929 quia
188 2852 288 2911 modus
304 2869 457 2928 aquarum,
474 2869 550 2929 quae
565 2851 609 2909 bis
626 2852 807 2929 temporibus
824 2853 850 2911 in
866 2852 967 2912 urbem
982 2853 1151 2928 veniebant,

107 2944 260 3012 antequam
289 2933 409 2994 Claudia
442 2944 471 2993 et
502 2934 577 2994 Anio
605 2935 705 2995 Novus
733 2936 980 3014 perducerentur,
1009 2940 1152 2998 maiorem

107 3021 308 3093 erogationem
332 3037 439 3096 capere
462 3036 520 3077 non
542 3021 703 3080 videbatur.

194 3103 262 3160 105.
309 3102 365 3175 Qui
385 3121 487 3181 aquam
509 3107 538 3162 in
560 3125 629 3164 usus
652 3107 781 3182 privatos
803 3106 951 3165 deducere
976 3105 1072 3181 volet,
1100 3106 1151 3164 im·

107 3193 224 3264 petrare
254 3204 319 3244 eam
348 3187 467 3246 debebit
496 3199 525 3247 et
550 3207 565 3247 a
592 3189 727 3267 Principe
754 3191 908 3268 epistolam
931 3191 966 3249 ad
986 3198 1153 3249 curatorem

105 3268 237 3335 adferre3
268 3279 384 3328 curator
406 3271 511 3331 deinde
532 3273 678 3333 beneficio
702 3273 1012 3352 Caesaris‘praestare
1035 3276 1153 3333 maturi·

105 3363 194 3413 tatem
217 3362 245 3412 et
267 3363 488 3431 procuratorem
510 3358 640 3417 eiusdem
663 3358 751 3418 oflicii
775 3359 909 3419 libertum
926 3357 1064 3418 Caesaris
1083 3376 1153 3436 pro-

104 3440 180 3498 tinus
202 3438 344 3498 scribere.
390 3439 614 3502 Procuratorem
637 3452 732 3502 autem
754 3445 862 3521 primns
885 3443 928 3503 Ti.
949 3442 1087 3504 Claudius
1111 3446 1154 3503 vi-
