2438 3848
250 154 593 205 snnxnucnuxrroon
614 156 683 204 nra.
707 156 742 204 11.
765 157 841 206 cae.
865 159 916 208 111.
1065 146 1104 207 35

61 311 133 371 soit:
159 326 217 368 uec
243 309 392 371 continuus
416 305 578 370 conslruxlt
603 309 760 386 cohortes,
784 311 838 371 sed
859 312 1011 390 manipulis
1032 313 1106 373 inter

61 413 94 454 se
118 392 437 471 distantibus-spatium
455 393 549 469 dedit,
572 413 627 472 per
650 393 728 472 quod
749 393 897 472 elephanti
918 395 954 455 ab
973 396 1120 456 hostibus*

60 479 118 539 acti
140 477 231 537 iacile
253 478 404 537 transmitti
422 478 485 551 sine
507 477 726 556 perturbatione
742 478 874 537 ordinum
890 489 1021 557 possent.
1063 479 1108 540 lla

61 565 125 641 ipsa
154 561 307 621 intervalla
338 560 484 639 expeditis
510 561 648 621 velitibus
675 560 823 640 implevit,
852 581 888 621 ne
916 563 1107 623 interluceret

61 647 160 720 acies,
186 645 254 704 dato
278 645 313 703 iis
332 653 512 722 praecepto,
540 654 570 705 ut
592 645 629 706 ad
654 647 791 724 impetum
813 646 1035 724 elephantorum
1056 647 1107 706 vel

60 738 143 788 retro
161 727 211 789 vel
233 729 263 786 in
284 728 377 787 latera
400 728 608 790 concederent.
653 728 817 808 Equitatum
833 730 937 790 deinde
954 732 982 790 in
997 749 1107 791 cornua

61 813 160 873 divisit
184 821 214 870 et
235 812 353 871 sinistro
377 810 515 871 Romanis
542 811 689 892 equitibus
710 812 855 889 Laelium,
882 814 987 875 dextro
1009 814 1106 875 Numi·

61 898 105 957 dis
124 893 306 955 Masinissam
327 897 509 973 praeposuit.
554 896 637 971 Quae
659 905 716 956 tam
737 898 865 975 prudens
885 899 1026 959 ordinatio
1049 916 1107 958 non

62 979 150 1041 dubie
173 996 262 1039 causa
280 979 422 1039 victoriae
444 978 506 1039 iuit.
746 1032 749 1039 .

149 1065 200 1124 17.
244 1061 409 1122 Archelaus
432 1063 574 1122 adversus
596 1061 628 1121 b.
646 1062 754 1123 Sullam
774 1065 803 1121 in
823 1064 919 1124 fronte
942 1064 977 1123 ad
992 1074 1105 1141 pertur-

61 1146 187 1207 bandum
212 1144 327 1205 hostem
349 1146 472 1206 falcatas
497 1146 665 1224 'quadrigas
683 1145 808 1220 locavit,
837 1149 866 1205 in
890 1149 1020 1206 secunda
1043 1150 1106 1207 acie

61 1231 237 1308 phalangem
252 1228 489 1305 Macedonicam,
509 1231 538 1288 in
560 1230 646 1290 tertia
661 1228 855 1290 llomannmm
877 1247 959 1288 more
981 1240 1108 1291 armatos

61 1314 237 1389 auxiliares,
265 1315 363 1373 mixtis
390 1313 520 1391 fugitivis
538 1312 658 1373 Italicae
686 1316 800 1390 gentis,
831 1332 951 1392 quorum
974 1315 1106 1392 pervica-

62 1398 126 1457 ciae
156 1396 309 1474 plurimum
338 1397 462 1465 fidebam
491 1396 588 1456 levem
612 1406 783 1457 armaturam
812 1400 840 1457 in
866 1399 967 1458 ultimo
990 1400 1104 1458 statuit:

60 1482 90 1539 in
109 1489 233 1557 utroque
257 1481 324 1541 dein
339 1481 432 1541 latere
449 1482 623 1559 equitatum,
647 1482 728 1542 cuius
748 1483 873 1557 amplum
891 1500 1040 1543 numerum
1057 1482 1106 1542 ba·

60 1564 168 1640 bebat,
197 1565 365 1624 circueundi
391 1564 484 1624 hostis
512 1582 600 1626 causa
628 1567 734 1644 posuit.
786 1564 894 1628 Contra
921 1568 996 1627 haec
1025 1567 1106 1627 Sulla

60 1648 160 1709 fossas
182 1648 297 1727 amplae
320 1647 477 1708 latitudinis
496 1649 525 1708 in
547 1657 672 1728 utroque
691 1650 784 1710 latere
807 1651 888 1711 duxit
910 1661 939 1710 et
961 1653 990 1710 in
1005 1651 1106 1728 eapiti-

61 1732 116 1791 bus
145 1749 245 1791 earum
275 1730 398 1791 castella
429 1734 609 1801 communiit;
639 1751 695 1812 qua
716 1735 847 1808 ratione,
876 1753 913 1794 ne
936 1736 1107 1795 circuiretur

62 1815 99 1875 ab
122 1815 225 1891 hoste,
253 1824 283 1876 et
303 1815 432 1893 peditum
452 1833 572 1876 numero
591 1825 620 1875 et
638 1818 761 1876 maxime
788 1820 915 1894 equitatu
937 1827 1107 1896 superante,

62 1908 240 1958 consecutus
270 1907 325 1958 est.
370 1898 528 1977 'l'riplicem
554 1900 659 1960 deinde
686 1900 815 1978 peditum
846 1903 937 1960 aciem
965 1902 1107 1960 ordinavit

61 1983 176 2042 relictis
196 1981 357 2042 intervallis
378 2000 433 2060 per
454 1984 551 2044 levem
565 1993 736 2044 armaturam
756 1992 785 2042 et
807 1984 951 2061 equitem,
976 2001 1062 2060 quem
1078 1984 1107 2042 in

61 2066 222 2126 novissimo
250 2066 477 2143 conlocauerat,
505 2076 553 2141 ut,
584 2084 649 2126 oum
677 2084 726 2126 res
747 2067 918 2142 exegisset,
949 2069 1105 2125 emitteret.

61 2149 135 2208 l'um
150 2150 348 2227 postsignanis
365 2152 413 2227 qui
430 2152 459 2209 in
477 2150 608 2210 secunda
623 2151 687 2209 acie
701 2159 782 2209 erant
801 2150 965 2226 imperavit,
988 2159 1019 2208 ut
1036 2149 1105 2209 den-

61 2251 113 2293 sos
135 2235 362 2310 innumerosque
383 2233 468 2311 palos
490 2233 572 2292 firme
590 2235 619 2292 in
641 2241 748 2293 terram
768 2235 947 2310 deligerent,
972 2236 1106 2310 intraque

62 2334 133 2392 eos,
157 2316 456 2395 adpropinquantibus
481 2317 645 2394 quadrigis,
673 2319 926 2395 antesignanorum
948 2319 1041 2379 aciem
1060 2335 1106 2377 re·

61 2401 157 2478 cepit:
178 2409 237 2459 tum
259 2401 390 2477 demum,
416 2400 532 2462 sublato
554 2402 755 2461 universorum
778 2402 926 2477 clamore,
948 2402 1055 2463 velites
1077 2409 1120 2461 et

61 2483 160 2543 levem
182 2492 353 2544 armaturam
375 2486 512 2562 ingerere
534 2485 593 2545 tela
619 2487 711 2547 iussit.
756 2484 866 2560 Quibus
888 2486 973 2545 iactis
991 2484 1106 2562 quadri-

59 2585 119 2645 gae
140 2567 284 2643 hostium,
308 2576 357 2629 aut
371 2568 529 2646 implicitae
545 2568 620 2646 palis
636 2578 685 2629 aut
703 2572 862 2629 exterritae
881 2568 1009 2628 clamore
1026 2567 1106 2627 telis-

60 2669 136 2729 que,
162 2652 191 2710 in
214 2668 284 2711 suos
307 2668 470 2712 conversae
496 2659 562 2711 sunt
583 2652 830 2731 turbaveruntque
851 2650 1042 2712 Macedonum
1065 2653 1106 2711 in·

60 2742 250 2794 structuram:
274 2752 332 2813 qua
348 2735 488 2811 cedente,
512 2752 576 2794 cum
592 2737 673 2796 Sulla
690 2745 782 2796 staret
798 2745 827 2795 et
845 2734 1009 2796 Archelaus
1025 2737 1106 2814 equi·

59 2827 119 2878 tem
138 2817 346 2897 obposuisset,
369 2818 490 2880 Romani
506 2821 621 2897 equites
638 2819 733 2881 subito
751 2820 850 2879 emissi
865 2828 1035 2880 averterunt
1053 2836 1107 2879 eos

60 2911 355 2980 consummaruntque
377 2904 539 2963 victoriam.
591 2946 595 2952 -

147 2985 198 3047 18.
243 2984 277 3045 C.
291 2983 402 3045 Caesar
417 2985 565 3047 Gallorum
575 2985 699 3046 falcatas
711 2987 867 3064 quadrigas
880 2987 980 3046 eadem
993 2987 1107 3046 ratione

59 3067 136 3148 palis
153 3068 259 3129 delixis
279 3071 398 3147 excepit
417 3069 607 3148 inhibuitque.
651 3076 653 3079 ’
1148 3076 1153 3080 ’

148 3151 197 3213 19.
241 3152 412 3213 Alexander
441 3152 477 3215 ad
505 3152 632 3228 Arbela,
658 3169 722 3211 cum
745 3153 869 3214 hostium
898 3153 1107 3215 multitudinem

58 3245 233 3313 vereretur,
256 3237 353 3297 uirtuti
372 3245 468 3296 autem
486 3254 605 3298 suornm
618 3235 738 3312 lideret,
758 3239 850 3298 aciem
865 3239 893 3297 in
911 3254 1026 3299 omnem
1041 3253 1107 3314 par-

58 3329 118 3380 tem
147 3327 331 3398 spectantem
359 3320 520 3399 ordinavit,
547 3329 577 3382 ut
607 3322 796 3382 circumventi
824 3322 949 3401 undique
977 3336 1108 3400 pugnare

59 3411 194 3482 possent.

862 3503 909 3564 ’δὴ
