2438 3848
84 175 124 234 50
412 185 488 235 aux.
512 186 793 237 1uu11anouu1ur

84 342 161 422 pulis
184 351 213 402 et
233 359 379 402 concesso
398 342 622 421 tugaeapatm,
645 342 804 423 dissipatos
826 342 889 404 siue
909 342 1044 421 periculo
1062 361 1130 403 suo·

82 446 144 487 rum
165 427 328 487 trucidavit.

170 528 199 589 3.
244 526 277 587 G.
309 524 419 590 Caesar
445 527 606 589 Germanos
634 527 764 587 inclusos
793 535 823 585 et
855 543 893 585 ex
921 528 1131 607 desperatione

83 615 186 674 lortius
208 621 373 691 pugnantes
395 612 592 673 emitti-*tassia
613 611 819 688 fugientesque
843 611 1003 687 adgressus
1030 623 1086 672 est.

169 715 199 773 4.
255 712 418 788 Hannibal,
456 730 520 772 curu
558 712 593 772 ad
628 706 824 772 Trasimenum
847 711 968 773 'inclusi
1007 712 1131 774 Romani

84 799 226 860 acerrime
249 806 428 875 pugnarent,
451 794 576 856 diductis
597 795 746 855 ordinibus
768 796 841 856 lecit
862 797 907 854 eis
924 797 1049 858 abeundi
1067 809 1131 877 pot·

85 891 207 942 estatem
230 891 393 958 euntesque
412 882 475 940 sine
499 897 615 940 suorum
639 883 779 958 sanguine
808 880 918 939 stravit.

169 977 198 1040 5.
243 981 407 1058 Antigonus
434 1000 489 1043 rex
509 980 699 1042 Macedonum
720 981 855 1058 Aetolis,
882 982 979 1058 quiin
1001 981 1131 1043 obsidio·

84 1083 149 1124 nem
167 1064 202 1125 ab
220 1082 256 1125 eo
279 1066 424 1145 compulsi
440 1065 516 1126 fame
536 1064 732 1143 urguebantur
744 1074 963 1144 statuerantque
976 1069 1131 1144 eruptione

83 1151 161 1210 lacta
185 1152 339 1226 commori,
363 1151 436 1210 viam
456 1151 542 1227 iugae
567 1149 663 1225 dedit,
690 1159 778 1227 atque
805 1150 845 1209 ita
873 1149 997 1210 infracto
1023 1151 1131 1229 impetu

85 1253 202 1311 eorum,
223 1237 370 1295 insecutus
390 1252 513 1295 aversos
536 1235 653 1294 cecidit.
684 1308 687 1317 Ι

171 1336 200 1396 6.
244 1336 400 1414 Agesilaus
429 1335 675 1395 Lacedaemonius
702 1337 843 1415 adversus
869 1333 1044 1408 Thebanos,
1069 1352 1131 1393 cum

86 1414 149 1479 acie
181 1419 356 1496 confligeret
385 1420 640 1496 intellexissetque
674 1420 777 1480 hostes
805 1421 937 1481 locorum
965 1418 1132 1495 conditione

86 1503 203 1562 clausos
232 1502 269 1561 ob
299 1504 536 1580 desperationem
563 1503 667 1579 fortias
698 1504 852 1581 dimicare,
881 1503 1132 1569 laxatis-suorum

87 1584 234 1646 ordinibus
266 1596 426 1664 apertaque
450 1586 605 1646 Thebanis,
624 1587 866 1669 adfpevadendum
888 1589 953 1661 via,
981 1605 1084 1667 rursus
1105 1589 1133 1645 iu

87 1668 228 1729 abeuntes
242 1673 384 1730 contraxit
397 1672 489 1730 aciem
501 1666 536 1729 ἁ
546 1672 609 1730 sine
622 1673 732 1733 iactura
748 1690 866 1733 suorum
880 1671 988 1737 cecidit
999 1688 1131 1733 auersos.

174 1790 202 1848 t.
249 1787 302 1847 Gn.
324 1787 446 1848 Manlius
463 1789 582 1864 consul,
607 1808 670 1849 cum
690 1809 727 1850 ex
744 1793 807 1852 acle
829 1786 968 1851 reltersus
988 1799 1074 1868 capta
1097 1787 1132 1848 ab

85 1871 220 1932 Etruscis
242 1872 372 1933 Romana
398 1882 494 1933 castra
520 1875 696 1950 invenisset,
727 1876 859 1936 omuibus
892 1875 985 1952 portis
1007 1875 1132 1933 statione

88 1957 270 2018 circumdatis
293 1957 421 2017 inclusos
443 1958 544 2017 hostes
570 1960 599 2017 in
622 1977 685 2018 eam
708 1958 992 2047 rabiemtell'erauit,
1014 1967 1045 2017 ut
1068 1960 1132 2037 ipse

87 2043 115 2100 in
133 2043 250 2120 proelio
273 2043 402 2102 caderet.
449 2042 534 2115 Quod
554 2054 584 2103 ut
606 2043 871 2121 animaduerterunt¹
887 2043 981 2120 legati
1000 2043 1077 2116 eius,
1098 2039 1133 2101 ab

85 2144 141 2185 una
164 2136 249 2205 porta
271 2136 382 2186 remota
404 2129 529 2187 statione
561 2129 668 2187 exitum
689 2127 822 2188 Etruscis
846 2128 989 2188 dederunt
1008 2137 1039 2185 et
1062 2126 1132 2185 euu-

86 2227 137 2270 sos
158 2214 324 2288 persecuti,
348 2222 523 2270 occurrente
552 2212 646 2272 altero
675 2213 797 2272 consule
818 2211 927 2288 Fabio,
951 2211 1131 2270 ceciderunt.

172 2327 200 2386 8.
246 2327 476 2400 Themistocles,
508 2331 586 2388 victo
609 2328 727 2404 Xerxe,
756 2328 892 2388 volentes
924 2345 993 2387 suos
1015 2336 1133 2406 pontem

86 2428 222 2486 rumpere
245 2411 409 2489 prohibuit,
437 2430 500 2470 cunr
529 2411 678 2472 docuisset
708 2415 818 2473 cautius
842 2432 909 2472 esse
932 2430 996 2470 eum
1021 2410 1133 2489 expelli

87 2513 125 2553 ex
147 2493 283 2572 Europa,
308 2496 482 2575 quamrcogi
504 2513 541 2553 ex
564 2496 770 2574 desperatique
796 2515 936 2575 pugnare.
981 2495 1061 2555 ldem
1083 2496 1132 2554 nri-

86 2580 123 2637 sit
147 2579 182 2637 ad
206 2597 287 2654 eum,
312 2579 360 2655 qui
382 2578 537 2655 indicaret,
561 2582 589 2639 in
608 2598 665 2659 quo
681 2581 814 2659 periculo
838 2590 935 2655 essct,
958 2581 1013 2638 nisi
1035 2579 1133 2656 lugam

85 2670 251 2721 maturaret.
1026 2673 1030 2679 ’

172 2760 200 2819 9.
245 2758 372 2837 Pyrrhus
399 2759 582 2839 Epirotarum
618 2782 688 2841 rex,
716 2765 958 2844 cum'quamdam
988 2766 1134 2825 civitatem

88 2845 217 2922 cepisset
239 2843 405 2922 clausisque
429 2848 522 2923 portis
545 2866 582 2906 ex
598 2849 694 2908 ultima
714 2853 891 2910 necessitate
913 2851 1031 2910 fortiter
1054 2850 1134 2910 dinri·

84 2938 186 3070 pantes
203 2946 273 3072 303,
298 2929 346 3006 qui
368 2930 472 2990 inclusi
495 2941 592 3008 erant,
614 2933 880 3011 animadvertisset,
901 2934 999 2994 locum
1019 2935 1079 2994 illis
1099 2933 1134 2994 ad

99 3030 182 3088 ugera
223 3031 238 3072 e
261 3021 290 3071 rt.

173 3113 221 3172 10.
266 3112 345 3173 ldera
365 3116 440 3174 inter
462 3125 560 3176 cetera
586 3127 745 3198 praecepta
765 3119 953 3197 imperatoria
975 3122 1135 3180 memoriae

84 3193 219 3271 tradidit,
247 3215 304 3257 non
334 3217 402 3258 esse
431 3201 621 3277 pertinaciter
650 3203 811 3263 instandum
835 3204 913 3263 hosti
934 3203 1076 3280 fugienti,
1099 3223 1134 3264 ne

85 3297 143 3339 non
156 3279 249 3340 solum
267 3283 331 3342 acie
344 3282 448 3342 fortius
466 3303 503 3344 ex
523 3287 701 3346 necessitate
716 3289 886 3362 resisteret,
910 3287 963 3347 sed
984 3298 1013 3348 ut
1026 3298 1133 3368 postea

86 3380 203 3442 quoque
227 3365 340 3425 facilius
364 3366 501 3443 cederet,
530 3378 608 3428 ratus
633 3387 691 3430 non
718 3389 811 3449 usque
843 3371 878 3432 ad
901 3373 1064 3449 perniciem
1087 3374 1136 3434 fu··

85 3449 176 3526 gieuti
197 3449 253 3511 sibi
273 3451 430 3512 instaturos
449 3453 589 3512 victores.
