2438 3848
88 170 140 218 ΧΠ
520 165 719 217 emmo

87 331 143 402 qui,
157 327 236 400 quod
249 326 336 400 ναῖεν
351 329 522 400 autepostco
532 325 683 397 iuvenitur,
696 326 882 398 plurimorum
898 324 1032 383 librorum
1043 333 1139 384 aueto-

88 414 170 470 ritate
187 411 268 469 eieci.

173 497 244 569 Cap.
260 494 310 552 IV.
326 498 352 551 l.
362 493 508 566 protrivit)
542 491 622 561 Quae
638 494 726 565 vulgo
743 497 898 565 sequuntur
923 492 964 559 (et
975 493 1016 548 ad
1030 493 1138 566 saman

87 581 324 654 reoccupatus
338 581 408 648 est),
429 576 558 650 relegavi
577 575 614 632 ad
635 578 795 648 exemplum
816 583 845 636 2.
876 577 952 632 Vide
967 577 1041 634 Oud.
1078 578 1138 635 Sed

88 666 167 722 atiud
182 666 282 722 vitium
295 665 383 718 latere
397 659 520 717 videtur.
551 661 685 719 Fortasse
700 661 869 734 legendum:
885 668 934 717 out
943 665 1074 733 protrisit
1088 668 1139 718 aut

87 751 117 807 in
130 757 226 807 matra
240 746 380 804 conrasit.-
395 759 432 800 ex
446 744 509 801 liv.
519 744 618 802 XXIII.
632 749 669 806 ts
680 746 739 801 init.
768 746 833 801 Nou
844 752 900 801 tam
911 745 990 801 rudis
1001 746 1137 803 historiae

88 840 183 891 noster
198 834 263 907 tuit,
284 837 314 886 ut
328 845 380 896 ea,
397 844 470 900 quae
488 829 577 902 vulgo
592 828 819 905 hIcpprrantur,
832 830 971 902 imputare
987 833 1014 886 ei
1027 832 1136 903 possis.

172 916 242 987 Cap.
257 915 295 970 V.
310 921 334 973 1·
347 914 412 984 spe)
424 912 466 969 lta
479 914 569 970 Palat.
587 912 687 1003 poteri
699 928 761 986 ope.

174 999 243 1072 Cap.
259 999 307 1056 Vl.
326 1004 352 1056 1.
367 996 542 1066 ἀνονιιαννι)
558 1014 623 1053 eum
637 998 721 1068 Oud,
737 1014 791 1079 pro
812 997 1013 1054 docerwturos.
1033 988 1048 1076 ΙΙ
1067 994 1139 1069 tit

85 1085 162 1156 titop.
176 1090 239 1140 orte
252 1081 378 1151 ἰνννῖίἀι)
405 1080 476 1138 lisa.
497 1080 634 1138 Scriverii
647 1083 784 1154 inopinati
796 1081 927 1138 inuohda.
949 1082 1035 1153 Vulg.
1047 1084 1137 1154 inopi·

86 1171 147 1224 not
164 1172 191 1226 ct
206 1167 328 1225 montilii.
359 1165 475 1234 „Dutch
490 1165 536 1222 die
556 1165 736 1223 unverhotlte
752 1167 903 1239 Kriegslist
920 1165 1136 1239 geschwacht.“

89 1242 104 1331 ΙΙ
123 1256 150 1312 S
166 1253 329 1318 (lutitianis.)
347 1248 371 1304 E
388 1249 466 1307 libris
488 1267 558 1307 mss.
579 1258 710 1324 apparet,
728 1250 788 1307 hac
803 1252 893 1306 torma
911 1256 1040 1321 nostrum
1053 1261 1136 1306 usum

87 1353 169 1405 esse,
196 1353 253 1392 uon
269 1336 406 1394 calmem.
436 1325 452 1415 ΙΙ
481 1334 662 1406 Mardum.)
686 1335 761 1391 Libri
781 1335 963 1391 Attenenso.
995 1333 1136 1406 Equidem

88 1421 232 1491 suspIcor,
248 1417 484 1476 Lacedwmonius
498 1425 613 1491 propter
631 1418 841 1482 similitudinem
862 1417 996 1490 praeced.
1013 1419 1136 1474 nominis

86 1503 240 1572 excidisse,
255 1510 313 1560 turn
329 1519 348 1559 a
361 1503 485 1560 librariIs
498 1503 667 1558 inculcatum
678 1517 744 1556 esse
757 1502 938 1559 Atheniensis.

172 1587 241 1660 Cap.
255 1588 316 1644 Vll.
331 1592 358 1645 4.
379 1587 483 1660 Cyna)
504 1584 639 1641 audacter
660 1574 769 1640 restitit
788 1602 841 1657 pro
862 1585 1040 1642 Alexander.-
1062 1602 1134 1641 nun-

85 1687 170 1743 quam
185 1671 253 1728 mihi
267 1673 415 1753 quisquam
429 1667 627 1743 persuadebit,
645 1668 808 1724 Frontinum
821 1671 869 1726 tali
883 1671 913 1725 in
928 1686 958 1725 re
973 1686 1068 1725 errare
1081 1686 1135 1741 pu-

85 1756 184 1812 tuisse.
219 1756 348 1828 Sequens
364 1755 523 1825 exemplum
538 1757 651 1807 nonest
664 1751 799 1821 Frontini,
815 1741 874 1809 scd
878 1753 1034 1826 ignorantis
1051 1755 1135 1810 libra·

85 1840 131 1895 rii.
144 1830 160 1919 11
175 1844 201 1899 6.
217 1840 331 1912 resectis
345 1832 427 1906 told)
458 1836 500 1891 lta
515 1833 581 1911 edd.
596 1835 720 1891 Italicae.
751 1836 841 1892 Varia
853 1837 987 1895 librorum
998 1843 1134 1894 monstra.

85 1923 170 1995 Vulg.
181 1923 298 1996 adfertis
308 1922 360 1978 siti.
376 1911 391 1999 ss
405 1918 572 1989 ostanus)
586 1919 627 1975 lta
638 1918 783 1976 Rubenius
795 1920 966 1978 emendavit.
982 1924 1133 1996 Polyaen.=

85 1998 259 2076 ἐκλυθέντες
272 1999 392 2063 imino.
423 2001 498 2058 Libri
515 2002 789 2076 plurImidecipsens.
1052 2008 1055 2013 ’
1129 2016 1135 2027 ·

170 2089 238 2163 Cap.
253 2088 326 2145 VIII.
341 2092 369 2145 2.
383 2084 559 2159 defecerunt)
574 2104 621 2143 sc.
631 2088 736 2144 animo.
751 2079 988 2168 Hispanorum)
1006 2089 1066 2144 An:
1082 2089 1132 2143 tm-

81 2188 171 2246 pores
185 2176 299 2231 ιιιανιῖ
323 2161 337 2251 [Ι
362 2174 468 2242 Saos)
490 2172 649 2231 samalus.
678 2172 771 2229 Antea
786 2188 841 2230 eos.
867 2165 883 2253 ΙΙ
913 2173 964 2230 Ubi
982 2174 1059 2242 cero)
1093 2173 1135 2255 lta

84 2259 212 2313 Petrens.
239 2256 348 2327 Vulgo=
366 2254 436 2311 Tum
447 2256 651 2329 —odpressus
665 2262 719 2324 est,
741 2257 790 2314 ubi
808 2263 867 2314 orto
876 2259 938 2313 iam
950 2257 1008 2312 solo
1026 2285 1070 2298 -
1085 2271 1133 2313 ro·

81 2339 233 2412 fulserunt.
264 2338 403 2411 Oppidani
421 2345 533 2412 coptum
547 2346 602 2396 eto.
682 2393 689 2403 ,

169 2420 240 2495 Cap.
256 2421 304 2479 tx.
321 2427 348 2481 2.
379 2423 449 2480 cloto
467 2424 563 2496 suno,
583 2425 704 2497 effracto
720 2428 807 2498 porto
828 2422 944 2495 inpros.)
975 2421 1015 2475 lta
1036 2436 1133 2477 emen-

85 2506 152 2564 davi
167 2523 203 2563 ex
217 2506 306 2576 L1vio,
322 2505 511 2578 partim-duce
528 2506 599 2564 Oud.
628 2509 738 2591 Vulgo:
752 2507 816 2564 doto
830 2508 915 2580 εἰναι),
930 2503 965 2560 ob
979 2505 1037 2560 otio
1046 2512 1134 2576 porte

83 2591 195 2665 adprer.
219 2581 234 2670 ΙΙ
260 2595 287 2650 a.
309 2598 429 2648 ceterum
450 2598 554 2648 notura
578 2598 606 2648 et
623 2598 685 2649 orte
706 2610 757 2665 pr.
781 2592 866 2662 erat.)
903 2590 944 2646 lta
969 2589 1131 2657 emendavi.

84 2673 198 2733 Sallust.
219 2675 281 2747 lug.
301 2677 350 2734 92:
366 2681 477 2746 ααιννν,
491 2677 564 2732 ννῖαι
575 2691 659 2748 opere
673 2682 700 2732 et
712 2678 834 2734 consutto
844 2689 993 2749 praeceps.
1022 2676 1133 2747 Vulgo:

83 2765 175 2817 cetera
185 2763 272 2831 porte
286 2760 357 2816 velot
369 2758 490 2816 ιννεαῖιν
500 2762 664 2833 praecipiti:
685 2761 714 2817 in
730 2762 830 2832 quibus
845 2761 919 2817 uelut
933 2760 1056 2816 consulto
1072 2775 1132 2815 ma-

83 2857 150 2899 num
176 2841 333 2915 inalpientis
347 2842 453 2900 librarii
476 2844 584 2916 prodit,
610 2861 668 2900 non
694 2844 916 2911 considemus,
943 2844 973 2899 iu
1000 2842 1133 2900 Sallustio

82 2925 258 3000 praecedere
273 2926 435 3000 graviorem
456 2945 557 2986 vocem
572 2943 664 3001 opero.
677 2919 692 3009 Η
708 2929 790 2986 oeloa
805 2927 931 2984 miltiibus
942 2930 1044 3000 pares)
1058 2928 1131 2984 Ante

84 3026 130 3067 me
145 3009 296 3069 elebatum
313 3025 376 3067 cum
389 3012 561 3071 volocosimis
582 3013 707 3069 militibus
728 3017 900 3069 oeoeowros.
935 3010 1132 3084 comparanda

84 3100 128 3153 est
148 3096 219 3151 ratio
242 3090 412 3153 narrationis
435 3094 632 3155 Sallustianae.
658 3087 993 3175 llfmtior)so.n1sus.
1031 3097 1132 3151 Nonne

81 3176 196 3252 facilior
212 3177 413 3238 scribendum?
427 3196 463 3236 ex
478 3180 625 3250 Sallustio,
642 3196 725 3252 quem
740 3188 836 3237 noster
850 3179 897 3236 hic
919 3178 955 3236 de
975 3182 1063 3236 verbo
1084 3197 1133 3237 ex·

84 3262 203 3336 scripsit.
218 3253 232 3345 l}
247 3267 272 3324 4.
286 3263 429 3339 fecerunt)
444 3264 485 3322 Ita
499 3266 626 3324 Petrens.
645 3270 674 3321 et
690 3264 746 3321 duo
759 3264 851 3338 Regii,
866 3280 923 3320 non
942 3263 1080 3338 fococnt.
1104 3256 1119 3344 Η

83 3347 176 3409 deod
187 3362 226 3405 oo
243 3348 311 3420 diu.)
337 3346 426 3406 Intra:
455 3348 509 3418 Qut
525 3349 594 3422 suff.
618 3355 658 3405 etr
680 3350 809 3423 illaque.
835 3348 934 3407 Omnia
949 3365 985 3405 er
1002 3349 1130 3406 Peticus.

84 3431 189 3490 Autem
204 3437 231 3491 ct
244 3416 344 3492 dio'ara
359 3433 492 3490 -iussit
530 3432 671 3507 Suffiocrc
681 3463 724 3477 -
730 3438 874 3507 poterunt.
899 3432 946 3489 Ao
958 3433 987 3489 id
1000 3434 1074 3490 lotus
1088 3463 1130 3472 -
