2438 3848
231 156 571 208 sunnrnoumxrroorv
594 159 665 206 urs.
688 159 712 205 r.
746 157 951 207 cumr-111.
1107 151 1125 209 7

166 313 197 374 6.
223 312 257 373 0.
282 312 389 373 Marius
417 296 520 373 co'nsul
542 312 623 373 bello
646 311 795 375 Cimbrico
826 324 856 375 ct
884 314 1065 391 Teutonico,
1089 317 1125 376 ad

39 416 42 421 ’
81 398 285 458 excutiendam
314 397 463 458 Gallorum
493 405 523 456 et
550 396 684 473 Ligurum
704 398 805 474 iidem,
832 399 945 459 litteras
973 400 1015 459 cis
1037 400 1125 474 misit,

80 500 204 561 quarum
224 499 295 560 pars
316 483 398 560 prior
419 480 635 561 praecipiebat,
653 499 691 540 ne
710 482 881 559 interiores,
899 501 976 561 quae
995 485 1126 562 praesig-

81 576 166 626 natae
190 575 288 639 eraut,
312 575 378 624 ante
401 575 512 625 certum
526 573 641 643 tempus
661 567 860 644 aperirentur:
883 568 1000 628 easdem
1021 576 1125 646 postea

81 658 148 710 ante
170 651 372 728 praestitutam
393 650 469 710 diem
489 651 607 728 repetiit
629 659 674 726 et,
695 652 945 730 quiaresignatas
962 661 1124 730 repererat,

82 733 230 794 intellexit
252 733 370 792 hostilia
392 735 505 810 agitari.
1115 807 1118 815 Ι

146 871 149 878 .
170 817 237 896 {Est
259 826 290 876 et
310 816 387 877 aliud
404 818 577 897 explorandi
597 835 705 895 genus,
727 836 785 896 quo
803 820 859 897 ipsi
875 819 966 880 duces
981 820 1061 879 nullo
1076 838 1125 882 ex·

83 902 237 974 trinsecus,
251 901 393 961 adiutorio
416 920 470 980 per
492 920 525 961 se
547 901 710 980 provident.
755 904 848 982 Sicut]

170 988 199 1045 7.
219 984 360 1044 Aemilius
383 985 478 1064 Papus
498 986 600 1046 consul
625 986 706 1046 bello
736 985 862 1047 Etrusco
890 987 967 1066 apud
989 986 1127 1065 oppidum

83 1069 273 1150 Populoniam
291 1070 467 1156 demissurus
489 1071 650 1130 exercitum
672 1072 700 1128 in
721 1071 892 1149 planiciem,
914 1070 1127 1148 contemplatus

84 1153 189 1231 procul
212 1155 307 1213 avium
330 1153 538 1213 multitudinem
570 1153 722 1214 crebriore
750 1162 779 1212 et
806 1155 940 1213 citatiore
964 1153 1062 1213 volatu
1089 1172 1126 1211 ex

84 1238 159 1297 silva
178 1239 417 1313 consurrexisse,
441 1238 587 1297 intellexit
612 1237 721 1315 aliquid
748 1237 808 1296 illio
834 1237 1000 1297 insidiarum
1022 1237 1125 1311 latere,

85 1322 164 1399 quod
183 1330 214 1381 et
231 1320 363 1382 turbatae
383 1338 454 1381 aves
472 1330 501 1380 et
520 1320 619 1399 plures
638 1321 722 1380 simul
741 1321 940 1380 evolaverunt.
984 1320 1126 1380 Praemis-

84 1407 232 1483 sicigitur
254 1404 490 1483 exploratoribus
514 1407 674 1483 comperit,
698 1405 801 1466 decern
821 1405 900 1464 milia
920 1405 1057 1464 Boiorum
1076 1423 1126 1466 ex·

86 1490 223 1568 cipieudo
245 1490 286 1549 ibi
308 1489 504 1549 Romanorum
531 1490 637 1567 agmini
657 1489 686 1548 iu
717 1490 821 1549 itinere
843 1490 1008 1566 imminere,
1032 1508 1127 1567 eaque

83 1574 160 1650 alio,
183 1592 266 1652 quam
279 1573 523 1652 exspectabatur,
542 1574 635 1634 latere
647 1575 741 1633 missis
753 1574 919 1650 legionibus
935 1574 1127 1634 circumfudit.

171 1657 201 1723 8.
222 1658 361 1718 Similiter
379 1657 547 1717 Tisamenus
565 1656 677 1717 Orestis
692 1659 783 1734 lulius,
803 1676 867 1717 cum
886 1659 1016 1718 audisset
1031 1660 1128 1735 iugum

84 1741 121 1803 ab
152 1741 284 1803 hostibus
311 1751 411 1801 natura
437 1743 572 1801 munitum
599 1742 711 1818 teneri,
740 1742 890 1820 praemisit
914 1744 1127 1816 sciscitaturos,

86 1827 156 1904 quid
185 1827 229 1886 rei
256 1826 349 1894 foret;
375 1843 410 1885 ao
437 1825 634 1886 referentibus
660 1827 704 1885 eis
733 1843 791 1885 uon
821 1844 888 1884 esse
909 1845 1027 1901 verum,
1049 1829 1128 1906 quod

84 1913 272 1991 opinaretur,
291 1910 441 1987 ingressus
461 1912 518 1970 iter
534 1910 584 1969 ubi
600 1909 671 1969 vidit
692 1928 730 1969 ex
748 1918 887 1986 suspecto
909 1910 977 1985 iugo
997 1928 1129 1986 magnam

86 1997 144 2055 vim
164 1995 260 2055 avium
281 1993 365 2053 simul
386 1994 524 2055 evolasse
549 2011 645 2071 neque
669 1994 783 2052 omnino
803 1993 951 2067 residere,
974 1993 1127 2053 arbitratus

33 2078 39 2084 ’
85 2087 134 2138 est
155 2080 251 2139 latere
272 2078 333 2137 illic
353 2095 458 2156 agmen
478 2078 621 2137 hostiurn:
651 2077 749 2154 itaque
777 2075 974 2135 circumducto
997 2078 1129 2136 exercitu

79 2163 175 2223 'elusit
192 2161 387 2222 insidiatores.
1012 2157 1016 2163 ’

173 2246 203 2307 9.
225 2244 390 2307 Hasdrubal
412 2247 503 2307 irater
523 2244 691 2304 Hannibalis
715 2243 934 2303 iunctum'lrivii
953 2254 982 2304 et
1003 2243 1129 2306 Neronis

87 2330 266 2406 exercitum,
286 2348 457 2408 quamquam
478 2332 536 2390 hoo
556 2331 675 2389 illinon
695 2328 850 2408 duplicatis
872 2331 974 2389 castris
998 2330 1128 2390 dissimu-

87 2416 199 2490 larent,
222 2415 385 2490 intellexit,
406 2415 484 2493 quod
502 2415 538 2475 ab
560 2414 664 2475 itinere
684 2415 875 2491 strigosiores
894 2413 1012 2475 notabat
1026 2416 1133 2493 'equos

88 2509 117 2560 et
140 2499 320 2560 coloratiora
346 2498 509 2576 hominum,
531 2507 563 2558 ut
584 2518 622 2558 ex
642 2500 706 2574 via,
730 2516 866 2578 corpora.

498 2665 646 2727 CAPUT
674 2664 725 2727 111.

303 2797 351 2844 nn
374 2797 642 2846 consurruuuno
666 2796 777 2844 sruru
795 2797 911 2846 auum.
994 2749 1001 2761 ⁶

177 2919 204 2977 1.
224 2917 401 2982 Alexander,
415 2919 555 2997 Macedo,
580 2938 643 2979 cum
670 2919 793 2979 haberet
820 2920 1023 2979 vehementem
1047 2936 1130 2978 exer-

89 3005 194 3077 citum,
216 3021 337 3080 semper
354 3021 418 3062 eum
442 3013 546 3064 statum
571 3003 640 3063 belli
661 3003 768 3080 elegit,
791 3013 821 3062 ut
844 3006 908 3064 acie
927 3003 1109 3079 conligeret.

176 3085 206 3146 2.
231 3083 264 3147 G.
286 3084 396 3146 Caesar
418 3086 498 3148 bello
523 3088 601 3148 civili
620 3106 685 3148 cum
708 3096 877 3147 veteranum
900 3089 1060 3154 exercitum
1082 3088 1131 3146 lra-

89 3170 194 3246 beret,
218 3170 343 3230 hostium
365 3180 460 3232 autern
479 3175 604 3232 tironem
624 3190 691 3231 esse
721 3172 827 3248 sciret,
854 3173 917 3232 acie
931 3182 1060 3250 'semper
1082 3171 1131 3231 dc·

89 3265 207 3317 certare
229 3254 345 3315 studuit.

175 3339 206 3400 3.
226 3338 333 3399 Fabius
355 3337 495 3400 Maximus
527 3341 669 3400 adversus
701 3338 908 3416 Hannibalem,
944 3336 1132 3398 successibus

90 3423 271 3502 proeliorum
296 3424 489 3502 insolentem,
523 3425 667 3490 recedere
698 3424 734 3485 ab
763 3425 884 3504 ancipiti
908 3423 1081 3483 discrimine
1107 3425 1143 3474 ex
