2438 3848
287 155 630 206 sunduuoummcon
651 158 720 206 LIB.
745 159 768 206 1.
793 159 868 209 CAP.
892 159 914 208 1.
1106 148 1124 205 5

81 312 166 373 ducis
189 313 442 388 praesensissent,
466 312 679 389 profectionem
700 330 781 372 suam
799 330 888 372 censu
906 312 1038 373 obtexuit
1062 315 1127 375 Gal·

81 397 196 456 liarum.
242 395 344 455 Subito
364 394 496 455 hostibus
512 398 662 475 inopinato
681 396 762 456 bello
771 397 916 472 adfusus,
936 407 1057 458 contusa
1077 401 1126 457 im·

82 480 207 540 manium
229 479 342 540 ferocia
362 480 525 556 nationum,
546 481 704 559 provinciis
727 479 880 543 consuluit.

163 563 200 623 ¹9.
225 561 362 643 Claudius
378 562 476 639 Nero,
500 581 564 623 oum
587 572 711 642 cuperet
731 563 945 625 Hasdrubalem
967 567 1127 644 copiasque

83 648 165 722 eius,
184 655 339 726 autequam
360 645 512 708 Hannibali
532 647 615 708 fratri
645 649 852 725 iungerentur,
882 648 979 708 excidi
1002 649 1126 709 idcirco·

83 750 140 810 que
160 730 312 790 festinaret
334 749 367 789 se
386 730 467 790 Livio
489 732 645 791 Salinatori
673 732 811 810 collegae
840 750 909 807 suo,
940 734 987 792 cui
1017 733 1127 792 bellurn

82 815 247 875 mandatum
267 814 378 889 iuerat,
406 833 506 892 parum
526 815 619 875 iidens
640 815 749 875 viribus
770 835 845 896 quae
869 816 921 876 sub
944 818 1010 895 ipso
1033 827 1126 889 erant,

82 900 243 975 adiungere
267 916 363 977 neque
390 907 486 958 tamen
512 899 674 959 discessum
703 918 785 959 suum
812 899 848 959 ab
877 900 1052 976 Hannibale,
1080 903 1127 961 cui

84 982 237 1062 obpositus
261 990 339 1057 erat,
363 984 464 1042 sentiri
486 982 592 1050 vellet;
614 983 721 1053 decem
739 984 816 1044 milia
838 984 1061 1044 fortissimorum
1076 987 1126 1043 mi·

83 1067 164 1127 litum
174 1066 286 1142 delegit
298 1067 511 1145 praecepitque
526 1067 646 1143 legatis,
661 1085 735 1145 quos
747 1067 947 1144 relinquebat,
960 1078 990 1127 ut
1005 1070 1127 1128 eaedem

83 1149 414 1229 stationesvigiliaeque
435 1160 608 1227 agerentur,
626 1151 748 1210 totidem
758 1151 842 1226 ignes
854 1151 991 1210 arderent
1010 1153 1126 1210 eadem·

84 1253 142 1313 que
164 1234 258 1294 iacies
279 1242 441 1293 castrorum
457 1242 642 1309 seruaretur,
665 1252 701 1292 ne
718 1233 786 1311 quid
799 1233 942 1294 Hannibal
961 1238 1126 1313 suspicatus

83 1318 207 1379 auderet
226 1317 368 1378 adversus
386 1319 562 1396 paucitatem
582 1316 761 1378 relictorum.
807 1315 879 1376 Cum
896 1318 1000 1378 deinde
1018 1320 1047 1377 in
1060 1318 1126 1379 Um·

84 1402 146 1463 bria
168 1401 322 1462 occultatis
344 1402 493 1461 itineribus
517 1400 654 1480 collegae
677 1421 709 1461 se
733 1403 893 1478 iunxisset,
916 1403 1007 1463 vetuit
1030 1412 1126 1464 castra

83 1487 233 1565 ampliari,
249 1503 286 1544 ne
302 1486 380 1563 quod
396 1488 509 1563 signum
525 1486 665 1546 adventus
681 1489 725 1546 sui
740 1486 840 1546 Poeno
863 1487 961 1563 daret,
981 1488 1125 1548 detracta·

82 1581 148 1631 turo
171 1587 313 1649 pugnam,
336 1572 360 1629 si
384 1570 533 1629 consulum
554 1571 665 1629 iunctas
685 1571 765 1631 vires
787 1570 991 1630 intellexisset.
1036 1571 1127 1648 lgitur

82 1657 205 1715 inscium
225 1653 379 1731 duplicatis
403 1651 561 1730 adgressus
578 1656 671 1732 copiis
689 1656 838 1733 superavit
854 1664 882 1714 et
901 1656 1034 1715 velocius
1050 1658 1127 1715 omni

83 1740 183 1799 nuntio
205 1737 292 1797 rediit
312 1738 347 1798 ad
363 1737 561 1798 Hannibalem.
606 1738 649 1798 lta
670 1757 708 1798 ex
730 1739 841 1799 duobus
860 1738 1054 1799 callidissimis
1075 1740 1126 1798 du·

83 1823 166 1883 cibus
188 1821 352 1881 Poenorum
375 1822 479 1882 eodem
497 1822 622 1883 consilio
644 1822 765 1882 alterum
785 1823 907 1898 celavit,
931 1823 1054 1883 alterum
1075 1823 1125 1883 ob-

103 1908 202 1968 ressit
1149 1909 1153 1913 ’

82 1925 101 1987 p
174 1990 224 2050 10.
250 1987 463 2049 Themistocles
489 1990 646 2050 exhortans
674 2007 745 2049 suos
773 1989 808 2049 ad
838 1991 1020 2049 suscitandos
1044 1992 1125 2049 festi-

83 2085 187 2135 nanter
208 2090 322 2148 muros,
345 2091 419 2152 quos
446 2076 526 2133 iussu
553 2074 849 2134 Lacedaemoniorum
878 2072 1061 2156 deiecerant,
1084 2075 1126 2133 le·
1176 2081 1178 2085 ‘

82 2162 160 2237 gatis
177 2157 397 2217 Lacedaemone
418 2160 530 2233 missis,
553 2160 602 2237 qui
619 2156 856 2256 interpellarent
876 2157 1041 2236 respondit,
1057 2175 1126 2216 ven-

85 2253 179 2303 turum
202 2259 236 2300 se
259 2240 295 2300 ad
318 2241 480 2302 diluendam
502 2242 576 2301 hanc
596 2242 850 2301 existimationem:
873 2250 902 2301 et
924 2242 1059 2340 pervenit
1073 2241 1126 2301 ba·

84 2328 304 2387 cedaemonem.
348 2325 391 2385 lbi
414 2325 547 2385 simulato
575 2325 679 2385 morbo
704 2326 880 2404 aliquantum
907 2327 1047 2404 temporis
1077 2344 1126 2384 ex·

84 2412 186 2476 traxit:
209 2419 239 2470 et
254 2418 407 2488 postquam
423 2409 570 2470 intellexit
583 2419 750 2489 suspectam
766 2429 833 2470 esse
853 2412 1127 2488 tergiversationem

84 2512 183 2570 suam,
202 2494 351 2553 contendit
371 2493 476 2553 salsum
497 2494 533 2554 ad
552 2512 606 2554 eos
625 2512 787 2570 rumorem,
809 2504 838 2554 et
853 2496 985 2572 rogavit,
1012 2502 1042 2552 ut
1064 2496 1126 2552 mit-

83 2586 181 2639 terent
202 2577 315 2655 aliquos
337 2595 374 2636 ex
395 2578 591 2657 principibus,
616 2578 720 2658 quibus
739 2579 894 2639 crederent
915 2578 951 2638 de
971 2579 1127 2637 munitione

84 2663 286 2722 Athenarum..
317 2662 384 2720 Suis
404 2662 509 2722 deinde
533 2663 607 2722 clam
625 2663 760 2741 scripsit,
783 2671 814 2722 ut
836 2681 889 2722 eos
912 2664 960 2740 qui
979 2664 1128 2721 venisseut

83 2748 260 2821 retinerent,
280 2746 374 2805 donec
386 2747 507 2806 reiectis
525 2746 662 2825 operibus
677 2747 866 2806 confiteretur
877 2746 1127 2818 Lacedaemoniis,

84 2831 208 2891 munitas
232 2848 300 2889 esse
323 2829 471 2904 Athenas,
499 2848 594 2909 neque
623 2831 708 2889 aliter
736 2831 885 2909 principes
908 2847 1008 2889 eorum
1030 2831 1127 2890 redire

85 2932 194 2992 posse,
218 2926 301 2992 quam
323 2915 388 2992 ipse
411 2915 549 2974 remissus
570 2916 657 2973 l.oret
703 2912 789 2986 Quod
810 2914 897 2974 iacile
920 2915 1129 2998 praestiterunt

84 2997 325 3073 Lacedaemonii,
348 3016 384 3056 ne
406 2999 489 3057 unius
511 2999 655 3058 interitum
671 2998 825 3056 multorum
842 3007 936 3057 morte
958 3007 1126 3076 pensarent.

172 3083 221 3142 11.
242 3080 409 3157 hilurius,
432 3083 563 3141 exercitu
583 3082 759 3159 producto
751 3100 779 3140 ιιι
799 3081 918 3141 locum
910 3101 1046 3160 iniquum
1064 3101 1128 3142 cum

86 3167 285 3227 constituisset
307 3166 456 3225 occultare
485 3166 708 3225 sollicitudinem
729 3184 826 3240 suam,
855 3184 891 3225 ne
914 3168 1020 3245 reliqui
1038 3167 1127 3243 trepi-

85 3252 204 3326 darent,
216 3249 365 3328 paullatim
376 3268 409 3310 se
423 3249 591 3324 inlleotens,
602 3258 746 3329 tamquam
759 3251 881 3309 circuitu
890 3251 1001 3310 maiore
1014 3248 1128 3308 bostem

85 3335 299 3413 adgressurus,
323 3351 468 3393 converso
499 3334 630 3411 agmine,
660 3335 792 3411 ignarum
818 3335 862 3394 rei
890 3352 965 3412 quae
986 3332 1128 3410 agebatur

85 3420 247 3480 exercitum
267 3418 441 3478 incolumem
461 3418 585 3478 reduxit.
