2438 3848
27 141 67 203 86
363 153 439 203 sax.
461 154 549 203 mnu
570 154 741 204 naumann

26 309 267 453 plmrplissirnarnm
289 327 387 369 rerum
403 288 682 371 administrationem
703 310 733 369 in
754 310 877 370 maxima
899 319 1074 391 paupertate

49 411 65 453 e
80 394 168 453 uncti.

114 495 144 555 6.
195 491 410 571 Epaminondas
438 491 496 552 dux
526 492 729 554 Thebanorum
757 502 855 554 tantae
881 493 1076 554 abstinentiae

26 576 98 653 fuit,
122 585 152 637 nt
173 578 201 636 in
224 575 423 655 suppellectili
440 576 503 636 eius
522 585 641 655 praeter
661 586 789 638 stoream
811 587 840 638 et
859 595 984 638 aeneum
1004 596 1076 638 veru

27 660 99 721 nihil
118 661 307 720 inveniretur.

115 763 144 822 7.
187 757 347 835 Hannibal,
377 775 501 835 surgere
530 757 567 818 de
598 768 685 820 nocte
714 761 833 839 solitus,
861 770 928 820 ante
958 767 1077 820 noctem

27 861 86 904 non
116 840 340 923 requiescebat;
369 841 548 921 crepusculo
576 841 688 903 demum
716 845 752 905 ad
786 863 908 905 coenam
935 842 1076 918 vocabat,

27 945 124 1006 neque
149 926 272 1006 amplius
293 943 378 1004 quam
401 925 515 986 duobus
534 924 621 986 lectis
644 927 880 989 discumbebatur
903 926 981 1006 apud
1001 945 1075 986 eum.

115 1027 144 1089 8.
189 1026 287 1102 ldem,
305 1043 371 1089 oum
386 1024 439 1084 sub
454 1023 636 1087 llasdrubale
651 1028 829 1107 imperatore
848 1028 995 1102 militaret,
1012 1026 1076 1104 ple·

23 1130 151 1191 rumque
173 1128 263 1190 super
285 1112 389 1171 nudam
411 1110 527 1169 humum
548 1108 652 1187 sagulo
670 1121 767 1173 tectus
786 1130 904 1173 somnos
929 1108 1077 1191 capiebat.

115 1213 144 1275 9.
185 1210 379 1272 Aemilianum
398 1210 565 1289 Scipionem
588 1212 714 1272 traditur
741 1212 771 1272 in
793 1213 896 1273 itinere
921 1229 987 1271 cum
1008 1210 1076 1272 ami-

1 1305 2 1314 *
32 1296 74 1354 cis
94 1293 288 1356 ambulantem
310 1301 436 1372 accepto
459 1312 534 1373 pane
556 1297 639 1354 vesci
661 1296 788 1357 solitum.

119 1399 168 1459 10.
212 1394 292 1456 Idem
312 1403 343 1453 et
363 1394 400 1454 de
420 1391 590 1455 Alexandro
611 1393 774 1456 Macedone
796 1396 909 1457 dicitur.

120 1500 170 1558 11.
210 1495 408 1571 Masinissam,
436 1497 653 1572 nonagesimum
675 1498 778 1558 aetatis
803 1512 905 1556 annum
927 1505 1076 1574 agentern,

31 1599 155 1658 meridie
185 1605 251 1657 ante
280 1593 498 1655 tabernaculum
527 1604 652 1656 stantem
677 1597 728 1658 vel
748 1596 943 1658 ambulantem
966 1613 1077 1675 capere

31 1682 148 1742 solitum
172 1680 254 1743 cibas
275 1678 410 1755 legimns.

119 1782 168 1842 12.
212 1779 263 1840 Μ’.
287 1776 407 1854 Curius,
437 1795 501 1838 curn
522 1777 608 1839 victis
633 1777 670 1838 ab
695 1796 732 1839 eo
761 1774 878 1841 Sabinis
900 1798 938 1840 ex
958 1788 1079 1840 senatus

30 1865 167 1925 consulto
196 1863 384 1942 ampliaretur
411 1863 438 1921 ei
460 1861 563 1921 modus
586 1863 667 1940 agri,
691 1882 777 1944 quem
793 1864 983 1924 consummati
1002 1863 1076 1922 mili-

30 1958 77 2010 tes
105 1948 306 2029 accipiebant,
335 1945 499 2023 gregalium
523 1947 659 2024 portione
689 1957 843 2008 contentus
871 1949 942 2023 luit,
970 1946 1077 2007 malum

32 2034 127 2094 civem
150 2034 267 2108 dicens,
291 2031 337 2089 cui
357 2047 416 2090 uon
435 2039 517 2090 esset
536 2030 613 2091 idem
636 2032 724 2111 qnod·
739 2035 848 2092 ceteris
870 2032 950 2092 satis.

120 2132 169 2194 13.
213 2130 349 2192 Universi
366 2147 483 2209 quoque
504 2131 651 2192 exercitus
666 2132 804 2193 notabilis
827 2151 919 2212 saepe
935 2130 988 2191 luit
1007 2146 1076 2189 con-

31 2219 167 2293 tinentia,
198 2217 282 2276 sicuti
310 2215 390 2289 eius,
420 2215 469 2293 qui
499 2214 553 2274 sub
581 2213 756 2277 linsamo
786 2219 900 2276 meruit.
943 2213 1077 2292 Namque

30 2302 189 2362 memoriae
204 2298 320 2359 tradidit
337 2297 484 2375 Scaurus,
502 2299 672 2376 pomiferam
684 2298 837 2377 arborem,
858 2316 943 2379 quam
958 2299 987 2357 in
999 2298 1077 2376 pede

33 2396 196 2448 castrorum
211 2384 306 2445 luerat
324 2381 479 2461 complexa
494 2383 628 2461 metatio,
644 2391 766 2463 postero
783 2383 831 2445 die
847 2382 974 2445 abeunte
989 2399 1077 2441 exer·

35 2474 94 2534 citu
116 2470 230 2535 intactis
252 2465 395 2530 fructibus
416 2465 560 2527 relictam.

124 2579 173 2641 14.
218 2570 364 2654 Auspiciis
390 2567 578 2650 Imperatoris
607 2565 744 2628 Caesaris
771 2565 927 2628 liomitiani
951 2564 1078 2642 Augusti

39 2665 205 2731 Germanici
233 2680 269 2727 eo
292 2657 392 2736 bello,
422 2655 499 2739 quod
526 2652 616 2715 lulius
637 2651 738 2715 Civilis
767 2652 797 2711 in
818 2650 912 2712 Gallia
932 2655 1076 2723 moverat,

39 2754 72 2784 τε
76 2776 173 2794 .....
174 2776 202 2794 m
284 2745 446 2821 &munima
469 2742 580 2800 civitas.
602 2758 677 2802 uuae
699 2736 734 2800 ad
757 2733 880 2796 Civilem
898 2733 1076 2805 desciverat,

35 2866 73 2929 ad
94 2856 266 2932 obsequium
290 2834 408 2896 redacta
435 2818 621 2898 septuaginta
650 2820 730 2882 milia
758 2828 934 2881 armatorum
961 2813 1081 2877 tradidit

66 2946 73 2960 .
95 2942 114 2999 ,-
348 2964 352 2971 ,

35 2943 94 3003 mlh
124 3029 173 3086 15.
215 3021 247 3080 L.
266 3005 435 3086 blummius,
467 3009 516 3091 qui
539 3002 680 3068 Corintho
710 3013 795 3083 capta
817 3019 876 3062 uon
896 2998 1011 3059 ltaliam
1033 3011 1081 3054 so·

38 3094 97 3180 lum
120 3103 174 3166 sed
202 3102 290 3162 etiam
312 3093 477 3180 provincias
499 3091 606 3156 tabulis
628 3091 790 3168 statuisque
813 3083 983 3179 exornavit,
1007 3080 1081 3178 adeo

38 3190 108 3260 nihil
128 3204 167 3247 en
187 3188 276 3249 tantis
296 3180 438 3248 manubiis
459 3183 489 3243 in
515 3194 597 3241 suum
616 3175 776 3251 convertit,
793 3180 824 3232 ut
846 3168 933 3232 liliam
956 3182 1019 3242 arua
1041 3180 1082 3222 un·

42 3290 130 3359 opem
154 3281 273 3338 senatus
296 3294 334 3340 ex
355 3267 476 3356 publico
498 3260 652 3331 dotaverit.
