2438 3848
725 70 767 155 ,μ’

109 178 149 242 68
444 187 520 237 sax.
545 185 634 234 mnu
656 183 826 243 pacantur

513 338 664 401 CAPUT
687 330 802 399 IX..'

147 474 194 520 Du
217 471 430 520 lRRUPTIONE
450 470 497 517 Ex
519 469 672 517 munnsh
691 468 822 534 PARTE,
852 454 952 528 QUAM
971 464 1122 517 Exarue-

568 552 696 602 TAMUS.

198 680 225 736 1.
270 676 370 754 Scipio
389 675 466 753 apud
487 673 693 750 Carthaginem
713 671 768 732 sub
789 634 951 733 discessum
973 681 1074 732 aestus
1095 689 1155 732 ma·

110 764 208 837 ritimi,
232 770 352 821 secutus
366 759 460 820 Deum
480 769 511 818 ut
532 758 649 820 dicebat
669 757 790 833 ducem,
820 757 856 816 ad
870 774 978 824 ‚muros
999 755 1079 816 urbis
1107 773 1155 814 ac-

111 847 201 905 cessit
219 854 265 920 et,
289 844 413 904 cedente
436 852 558 920 stagno,
582 860 638 920 qua
659 859 717 901 non
737 840 965 918 exspectabatur
985 838 1100 919 irrupit.

182 927 224 987 ’2.
268 926 375 987 Fabius
389 926 530 987 Maximus
543 922 727 986 cunctatoris
744 924 836 999 lilius,
860 924 936 1003 apud
951 923 1051 1002 Arpos
1068 940 1155 1000 prae·

110 1011 185 1071 sidio
208 1011 377 1072 Hannibalis
397 1021 577 1090 occupatos,
598 1009 784 1069 considerato
801 1009 856 1067 situ
876 1007 974 1081 urbis,
993 1015 1154 1085 sexcentos

109 1096 216 1156 milites
246 1096 371 1156 obscura
399 1105 485 1155 nocte
513 1096 606 1169 misit,
635 1095 684 1170 qui
705 1109 759 1171 per
785 1093 919 1152 munitam
935 1108 1037 1169 eoque
1056 1092 1153 1150 minus

108 1179 291 1258 frequentem
318 1180 418 1258 oppidi
445 1189 573 1258 partem,
600 1177 688 1237 scalis
715 1177 811 1235 evecti
838 1178 867 1235 iu
893 1189 1020 1249 murum,
1051 1183 1154 1252 portas

109 1264 299 1324 revellerent.
345 1264 380 1322 Hi
399 1264 485 1323 adiuti
505 1263 699 1322 decidentium
717 1278 854 1339 aquarum
869 1276 961 1333 sono,
981 1260 1030 1336 qui
1052 1261 1153 1356 operis

109 1349 261 1426 strepitum
291 1346 483 1421 obscurabat,
513 1348 593 1405 iussa
621 1354 774 1423 peragunt
824 1344 910 1423 lpse,
942 1343 1021 1402 elato
1054 1343 1152 1420 signo,

110 1430 231 1490 effracta
254 1439 338 1508 porta
358 1431 526 1506 ingressus,
550 1431 629 1507 cepit
646 1428 756 1506 Arpos

195 1514 224 1573 3.
270 1511 302 1572 C.
326 1512 433 1572 blarius
455 1511 536 1570 bello
560 1511 728 1609 Iugurthino
749 1510 825 1589 apud
849 1509 954 1570 flumen
975 1509 1151 1586 Mulucham,

109 1614 174 1656 cum
196 1595 381 1674 obpugnaret
406 1593 590 1654 castellum
582 1614 611 1653 m
632 1604 728 1653 monte
752 1611 844 1654 saxeo
869 1596 970 1670 sitnm,
996 1595 1076 1673 quad
1097 1613 1152 1654 una

109 1689 138 1739 et
158 1688 281 1756 angusta
303 1679 405 1738 semita
427 1677 574 1754 adibatur,
596 1687 726 1739 ceterum
745 1688 846 1738 natura
868 1687 899 1738 et
920 1688 983 1738 arte
1002 1696 1152 1756 praeceps

109 1772 188 1838 erat,
210 1763 338 1822 nuntiato
362 1761 416 1822 sibi
439 1780 493 1839 per
513 1761 649 1838 Ligurem
671 1762 831 1840 quemdam,
844 1781 883 1822 ex
904 1762 1019 1823 auxiliis
1043 1780 1151 1838 grega-

72 1872 77 1879 ·
109 1848 166 1907 lem
191 1846 327 1920 militem,
352 1847 400 1924 qui
424 1845 500 1906 forte
529 1856 663 1924 aquatum
686 1863 880 1924 progressus,
911 1846 977 1906 dum
1004 1863 1058 1923 per
1079 1864 1152 1907 saxa

107 1932 213 1991 montis
237 1930 376 1992 cochleas
399 1931 487 2008 legit,
516 1931 553 1991 ad
577 1947 716 1989 summum
738 1939 931 2007 pervenerat,
953 1931 1035 2006 erepi
1057 1946 1149 2009 posse

106 2017 136 2074 in
159 2013 328 2090 castellum,
352 2032 463 2094 paucos
487 2016 691 2090 centuriones,
716 2013 819 2092 quibus
843 2014 1076 2092 perfectissimos
1098 2031 1150 2074 ve·

106 2100 263 2159 locissimis
278 2098 415 2159 militibus
427 2116 514 2178 pares
526 2108 699 2158 aeneatores
711 2098 922 2174 immiscuerat,
946 2098 1034 2172 misit,
1051 2098 1149 2175 capite

105 2183 290 2261 pedibusque
312 2184 412 2259 nudis,
440 2192 470 2243 ut
497 2191 673 2260 prospectus
700 2183 837 2258 nisusque
865 2199 920 2259 per
942 2199 1013 2242 saxa
1034 2180 1151 2241 facilior

105 2266 201 2342 foret,
226 2268 317 2325 scutis
339 2265 503 2343 gladiisque
524 2284 540 2324 a
558 2274 643 2342 tergo
666 2265 781 2343 aptatis.
824 2264 860 2324 lli
880 2264 987 2342 Ligure
1006 2265 1098 2342 duce,
1119 2274 1150 2325 et

107 2348 179 2408 loris
207 2358 237 2407 et
260 2347 369 2423 clavis,
398 2348 502 2425 quibus
527 2350 556 2407 in
577 2349 720 2408 adscensu
741 2347 922 2424 nitebantur,
947 2349 1053 2424 adiuti,
1085 2367 1149 2409 curn

106 2432 142 2492 ad
165 2432 331 2510 posteriora
356 2440 385 2490 et
407 2430 445 2490 ob
470 2431 498 2490 id
519 2448 612 2491 vacua
635 2431 840 2492 defensoribus
861 2432 975 2492 castelli
997 2435 1148 2510 pervenis·

106 2524 188 2590 sent,
217 2523 247 2575 et
269 2515 426 2574 concinere
456 2522 486 2572 et
508 2513 687 2592 tumultuari,
707 2524 738 2574 ut
757 2525 948 2594 praeceptum
970 2525 1051 2592 crat,
1079 2532 1148 2576 coe·

107 2607 227 2678 perunt:
255 2597 291 2658 ad
316 2598 394 2675 quod
422 2599 607 2656 constitutum
633 2598 740 2658 blarius
771 2601 950 2659 constantius
978 2599 1148 2660 adhortatus

105 2700 176 2741 suos
199 2683 294 2741 acrius
319 2683 428 2740 instare
451 2680 618 2741 castellanis
644 2685 759 2760 coepit,
784 2700 858 2761 quos
886 2684 922 2744 ab
943 2681 1054 2743 imbelli
1076 2684 1148 2744 mul·

104 2766 225 2825 titudine
252 2781 369 2824 suorum
396 2774 570 2841 revocatos,
597 2774 741 2844 tamquam
769 2765 805 2826 ab
828 2775 913 2844 tergo
937 2768 1015 2846 capti
1036 2778 1146 2842 essent,

103 2851 253 2908 insecutus
273 2847 424 2908 castellum
447 2850 535 2927 cepit.

190 2934 219 2991 4.
263 2931 295 2991 L.
319 2930 472 2993 Cornelius
495 2931 598 2993 consul
617 2933 767 3012 complura
790 2933 939 2994 Sardiniae
963 2935 1043 3013 cepit
1062 2937 1147 3014 oppi-

103 3016 157 3089 da,
182 3015 248 3076 dum
270 3015 446 3076 firmissimas
473 3025 571 3095 partes
593 3018 742 3096 copiarum
769 3026 858 3077 noctu
879 3020 1016 3096 exponit,
1042 3019 1148 3097 quibus

104 3098 323 3178 praecipiebat,
340 3101 550 3161 delitescerent
568 3101 834 3178 opperirenturque
853 3111 984 3179 tempus,
1007 3120 1066 3180 quo
1082 3105 1148 3182 ipse

102 3199 194 3241 naves
221 3182 395 3261 adpelleret.
440 3183 669 3243 Occurrentibus
697 3183 803 3245 deinde
826 3185 991 3245 adventanti
1012 3187 1148 3247 hostibus

104 3274 133 3324 et
154 3263 190 3325 ab
213 3267 277 3343 ipso
297 3284 352 3343 per
373 3267 585 3328 simulationem
607 3268 695 3345 fugae
718 3268 834 3346 longius
854 3269 891 3328 ad
909 3270 1148 3347 persequendum

103 3349 251 3426 avocatis,
273 3348 315 3408 illi
336 3351 365 3408 iu
386 3351 503 3412 relictas
523 3351 559 3411 ab
581 3351 626 3411 his
648 3350 736 3411 urbes
756 3354 894 3429 impetum
915 3351 1060 3413 feceruut.

189 3434 218 3492 5.
261 3432 392 3494 Pericles
415 3435 634 3495 Atheniensium
656 3435 730 3512 dux,
754 3454 818 3496 cum
840 3435 1025 3513 obpugnaret
1046 3456 1147 3517 quam·
