2438 3848
252 152 596 204 snnduncnmnurcort
614 154 684 204 uns.
697 155 750 204 m.
770 153 847 207 cnr.
861 157 896 207 x.
909 157 958 206 x1.
1087 145 1124 206 71

81 309 164 372 litori
193 308 371 388 adpositam,
401 318 469 388 post
495 309 636 388 quaedam
662 308 1007 389 promontorieoccultc
1028 309 1128 371 habita

83 395 201 471 classe,
229 411 246 453 e
268 392 389 453 navibus
409 392 625 455 velocissimam
644 403 765 474 praeter
784 393 902 455 hostilia
916 393 1064 473 praesidia
1084 395 1129 454 ire

82 478 179 538 iussit.
225 477 289 552 Qua
301 477 376 554 visa,
397 494 461 538 eum
477 479 570 539 omnia
591 479 719 556 navigia,
738 496 815 557 quae
836 495 890 558 pro
907 477 1040 538 custodia
1060 494 1147 557 por·.

83 571 131 622 tus
154 560 297 639 agebant,
321 561 357 623 ad
384 563 619 640 persequendam
647 563 834 639 evolassent,
864 559 976 622 Chares
997 562 1027 622 in
1047 562 1127 622 inde·

82 645 200 707 iensum
222 654 338 725 portum
367 663 437 705 cum.
460 644 575 727 reliqua
598 647 695 707 classe
723 648 858 707 invectus
877 647 963 719 etiam
983 645 1129 707 civitatem

83 731 253 809 occupavit.

172 813 203 874 9.
245 813 338 874 Barca
365 813 423 873 dux
442 812 605 874 Poenorum
634 814 662 872 in
684 813 802 890 Sicilia,
830 812 1129 891 hibbam-,nostris

83 906 165 958 terra
186 897 316 975 marique
333 897 554 974 obsidentibus,
578 907 692 977 partem
709 898 813 958 classis
832 917 903 985 supe
918 898 1023 977 procul
1037 915 1129 958 arma·

85 991 145 1042 tam
165 982 248 1041 iussit
265 981 390 1041 ostendi.
435 981 481 1041 Ad
502 982 564 1041 eius
587 989 778 1061 conspectum
801 1000 865 1042 cum
886 982 1056 1042 evolassent
1077 999 1129 1041 no·

85 1065 159 1141 stri,
180 1067 245 1144 ipse
261 1065 397 1143 reliquis,
418 1084 489 1147 quas
508 1065 671 1126 inocculto
689 1074 840 1149 tenuerat,
863 1065 983 1129 navibus
998 1064 1128 1142 Lilybaei

85 1158 203 1229 portum
224 1151 389 1230 occupavit.

498 1316 647 1379 curun
676 1315 732 1378 xr.
936 1364 946 1397 ,

340 1450 387 1496 nu
411 1447 649 1498 ormuunmonu
669 1416 909 1498 menuctus*

178 1569 205 1628 1.
249 1568 405 1631 Phormion
420 1571 478 1633 dux
494 1570 732 1649 Atheniensium,
755 1589 820 1632 cum
838 1566 1033 1648 depopulatos
1051 1577 1132 1629 esset

87 1670 180 1732 agros
203 1651 454 1734 Chalcidensium,
483 1657 590 1734 legatis
618 1656 787 1717 eorumdem
810 1663 894 1734 rapta
916 1651 1132 1732 requirentibus

88 1739 218 1815 benigne
247 1740 415 1817 respondit;
444 1749 474 1801 et
495 1750 600 1818 nocte,
617 1759 675 1821 qua
699 1740 868 1800 dimissuros
885 1738 953 1799 illos
976 1747 1062 1814 eratp
1081 1737 1133 1796 liri·

90 1824 135 1884 xit
164 1822 277 1882 litteras
305 1822 361 1883 sibi
388 1827 597 1904 supervenisse
626 1826 730 1903 civium
756 1840 889 1897 suorum,
916 1830 1040 1901 propter
1060 1838 1133 1900 quas

90 1905 271 1967 redeundum
294 1906 436 1983 haberet,
465 1926 500 1969 ac
528 1908 656 1987 paullum
689 1925 845 1984 regressus
873 1904 981 1973 dimisit
1008 1906 1132 1982 legatos.

89 1989 142 2051 llis
166 1991 261 2050 omnia
283 1999 342 2052 tuta
362 2000 392 2051 et
411 1991 510 2051 abisse
530 1992 733 2052 Phormionem
750 1986 996 2062 renuntiantibus,
1008 1987 1134 2049 ..Chalci-

90 2074 222 2152 denses,
246 2091 300 2154 spe
321 2084 351 2135 et
373 2074 492 2136 oblatae
516 2075 698 2136 humanitatis
724 2083 755 2134 et
782 2073 900 2134 abducti
917 2072 1067 2151 exereitus
1088 2089 1134 2130 re·

90 2161 181 2219 missa
206 2157 286 2219 urbis
314 2159 464 2234 custodia,
493 2177 558 2219 cum
583 2158 736 2218 confestim
765 2155 942 2221 Phormion.
1024 2154 1135 2230 rtisset,

91 2241 252 2324 prohibere
274 2244 507 2323 inexspectatam
526 2245 584 2303 vinr
603 2260 661 2303 non
685 2249 888 2321 potueruntn-
921 2264 950 2291 π·
1004 2254 1041 2303 -“,-
1087 2304 1092 2311 ,

179 2325 209 2384 2.
254 2325 412 2404 Agesilaus
443 2327 501 2389 dux
527 2326 840 2404 Lacedaemoniorum,
946 2382 952 2391 .

93 2411 247 2473 obsideret
265 2420 295 2471 et
315 2412 512 2473 intellexisset
534 2429 604 2491 eos,
634 2414 682 2491 qui
703 2423 771 2473 tunc
789 2411 938 2492 praesidIo
958 2409 978 2471 il
1002 2429 1016 2470 s
1041 2418 1134 2484 erant,

93 2498 150 2557 iam
182 2496 298 2572 gravari
323 2494 394 2557 belli
421 2497 623 2574 incommodo,
649 2497 778 2576 paullum
808 2496 968 2574 τῖεν-ΜΕ
992 2503 1136 2573 tamquam

94 2580 131 2641 ad
149 2578 224 2638 alios
241 2587 335 2656 actus,
358 2580 480 2642 liberam
500 2581 659 2643 recedendi
682 2581 870 2642 occasionem
900 2660 903 2665 Ι
926 2560 1038 2669 subto.
1070 2576 1137 2637 Non

93 2662 184 2724 multo
213 2672 282 2742 post
302 2665 392 2725 milite
418 2665 540 2726 reducto
564 2666 718 2727 destitutos
742 2665 875 2726 Phoceus
929 2663 1088 2742 superavit.

181 2746 212 2808 3.
252 2747 424 2810 Alcibiades
436 2749 577 2811 adversus
592 2750 764 2826 Byzantios,
783 2751 881 2827 quise
899 2728 1052 2811 moenibis
1069 2762 1137 2806 con·

93 2829 243 2909 tinebant,
266 2831 384 2895 insidias
406 2833 549 2914 disposuit
569 2843 599 2894 et
615 2832 749 2894 simulato
768 2848 908 2911 regressa
929 2830 1061 2892 incantos
1085 2846 1137 2891 eos

95 2916 255 2995 obpressit.
920 2920 935 2937 ⁶

930 2948 967 2985 ¹·='.'·r
980 2951 1000 2979 l*

180 3003 211 3061 4.
254 2999 418 3078 Viriathus,
438 3019 503 3062 cum
513 2999 600 3061 tridui
617 2999 674 3060 iter'
683 2998 843 3061 'discedens
855 2996 1045 3072 coniedlsset,
1062 2997 1139 3058 idem

95 3082 168 3144 illud
190 3102 248 3144 uno
271 3085 318 3145 die
341 3103 510 3162 remensus,
538 3101 661 3145 securos
683 3082 921 3162 Segobrigenses
941 3089 972 3143 et
992 3082 1137 3153 sacrificio

95 3177 156 3228 tum
177 3187 241 3229 cum
261 3171 385 3229 maxime
407 3179 571 3249 occupatos
592 3167 751 3247 obpressit.
947 3236 950 3241 ¹
1033 3210 1045 3235 ,
1070 3208 1074 3215 -
1105 3192 1107 3195 ·

182 3255 212 3314 5.
257 3252 473 3332 Epaminondas
501 3253 577 3332 apud
598 3251 782 3329 Mantiniam,
805 3258 871 3315 omn
887 3246 1139 3317 lacedaemonios

96 3339 126 3397 in
150 3336 308 3398 subsidium
325 3338 402 3399 hosti
423 3339 542 3398 venisse
565 3335 826 3417 animadverteret,
844 3344 1031 3417 ratusposse
1047 3334 1138 3396 Lace·

97 3421 270 3483 daemonem
291 3422 448 3504 occupari,
469 3423 495 3483 si
516 3422 591 3484 clam
609 3421 661 3482 illo
679 3421 831 3502 proiectus
846 3431 946 3501 esset,
964 3428 1054 3481 nocte
1075 3435 1139 3476 ore-
