2438 3848
518 139 696 191 EDITORIS.
1064 143 1131 193 xm

81 301 262 373 confluerent,
276 316 333 372 qua
347 305 400 361 etc.
419 298 509 356 Nimis
525 300 652 371 abrupte.
669 290 683 378 ΙΙ
697 302 724 358 i.
740 299 767 353 ai
779 299 890 370 inecap.
918 299 959 357 Ita
970 301 1130 372 emendavi,

81 402 133 457 pro
145 383 237 440 closae
249 384 361 456 inexap.
397 384 503 442 Classis
518 400 575 438 non
586 390 647 440 erat
662 384 871 453 inexspectata3
886 399 952 440 uam
964 401 999 442 ea
1011 387 1133 444 subinde
1208 374 1213 391 '

82 470 138 525 iam
160 467 321 540 oppidanos
345 473 509 524 tentaverat
541 468 582 526 Cf.
603 483 665 539 cap.
689 474 729 532 11,
747 473 773 524 1.
799 467 1061 540 Anineaspectatot
1075 464 1088 550 ΙΙ
1103 476 1131 531 8.

83 553 148 608 dam
159 553 278 621 eminus)
290 551 542 622 emendavitOud.,
556 568 608 624 pro
625 551 756 607 domibus·
774 541 787 630 ΙΙ
803 557 845 610 to.
860 568 879 606 a
900 552 966 623 div.)
981 570 1044 610 cum
1052 554 1133 624 Oud„

82 653 134 710 pro
150 651 189 692 ex
204 637 257 693 dio.

170 721 238 791 Cap.
255 719 290 776 >L
307 722 333 777 4.
350 719 527 792 Segestanos)
544 716 630 790 Vulg.
653 712 833 791 Sententiam.
858 711 873 799 ΙΙ
901 727 927 779 5.
945 721 1013 794 ir'yni
1025 722 1133 781 restitui

83 822 120 863 ex
132 803 237 860 Medic.
254 810 385 875 corrupta
405 803 525 858 lectione
543 803 634 874 mrtem
646 804 726 875 lionis
737 803 853 859 acerbis.
889 803 928 860 Cf.
944 806 1081 878 Polyaen.
1096 809 1132 863 V.

84 896 126 959 10,
143 893 170 947 4.
188 879 201 967 ΙΙ
215 892 241 948 t.
255 887 420 957 cohortium)
433 887 476 942 Ita
489 885 626 954 Tennull„
648 904 700 958 pro
715 889 851 959 portium.
871 889 1072 948 -Scordisci
1093 892 1133 947 in·

83 974 214 1029 colebant
226 972 403 1044 potissimum
418 971 494 1026 eirca
508 969 615 1039 flumen
632 972 758 1028 Morawa
772 971 802 1026 in
822 971 929 1031 Serbia.
959 974 1135 1033 Excurrebat

84 1058 165 1113 ferox
180 1072 277 1112 eorum
299 1056 438 1128 equitatus
459 1071 550 1126 usque
571 1054 609 1110 ad
629 1053 769 1112 Seardum
789 1063 925 1127 montem,
950 1058 979 1114 in
1001 1059 1135 1116 Macedo·

84 1142 159 1196 niam
176 1147 204 1196 et
221 1140 355 1212 illyriam.
381 1141 412 1195 In
422 1138 590 1195 Macedonia
606 1139 659 1194 sita
675 1145 734 1194 eret
749 1140 816 1194 urbs
830 1140 972 1198 Heraclea
981 1134 1138 1214 Lyncestic,'

84 1224 112 1280 in
136 1224 235 1296 iilyria
263 1221 509 1296 iuxtaLyohnitiu
534 1224 628 1278 lacum
655 1222 801 1290 cor-caea,
832 1226 899 1280 urbs
928 1223 1132 1285 Eordaeorum.

83 1308 180 1367 littam
198 1307 339 1381 significet
359 1308 526 1376 Frontinus,
548 1304 662 1361 difficile
684 1313 728 1362 est
743 1307 833 1362 dictu:
854 1307 988 1364 librorum
1013 1311 1135 1383 vestigia

85 1394 182 1450 tavent
195 1391 359 1449 Heracleae.
400 1390 495 1463 Saepe
510 1407 528 1447 a
542 1390 677 1446 Romanis
698 1406 763 1448 cum
779 1392 891 1463 populis
912 1392 987 1450 iilius
1007 1394 1134 1467 regionis

85 1478 139 1532 iate
161 1476 438 1548 circumvagantibus
462 1480 617 1548 pugnatum
639 1480 695 1545 est,
719 1476 767 1547 qui
792 1482 858 1548 post
883 1484 998 1535 cruenta
1020 1479 1133 1555 deinum

84 1560 240 1618 certamina
260 1561 379 1616 subiecti
400 1566 474 1617 sunt.
509 1557 669 1615 Scordiscis
692 1575 777 1632 saepe
792 1560 861 1617 Daci
883 1562 1024 1618 coniuncti
1053 1570 1133 1619 erant

84 1645 131 1714 (ΙΙ.
150 1647 177 1712 4,
193 1646 234 1709 3).
262 1643 304 1699 De
325 1645 462 1701 Heraclea
479 1642 586 1701 Sintica
600 1643 718 1716 cogitari
734 1643 781 1700 hic
800 1645 904 1717 nequii.
918 1635 975 1725 118.
997 1648 1053 1719 ire)

85 1730 189 1785 exire?
205 1717 219 1807 Η
233 1728 393 1800 metrani.
410 1746 436 1784 e.
454 1729 483 1783 in
497 1727 641 1798 praesidio
659 1734 747 1783 erant.

173 1811 243 1883 Cap.
258 1813 308 1868 XI.
323 1819 349 1872 1.
365 1813 417 1884 icy.
434 1812 556 1868 eorumd.
568 1819 653 1884 rapta
665 1813 741 1885 req)
772 1813 814 1868 lta
830 1811 982 1871 emendavi
997 1829 1033 1869 ex
1045 1815 1132 1870 irbro-

86 1913 147 1953 rum
163 1897 304 1968 vestigiis,
319 1912 438 1968 quorum
453 1897 531 1952 multi
547 1896 581 1952 de
596 1910 756 1968 carerem,
780 1899 817 1952 ai.
840 1896 875 1951 de
894 1911 929 1952 ea
951 1910 1020 1969 req..
1042 1900 1079 1957 ai.
1098 1899 1134 1956 de

85 1995 173 2037 causa
184 1994 245 2052 req.
262 1981 348 2052 Vulg.
357 1981 391 2037 de
408 1996 442 2037 ca
457 1995 490 2036 re
503 1981 685 2053 querentibus.
709 1979 768 2038 Sed
782 1979 902 2034 Medicei
915 1981 1074 2036 eorumdem
1088 1998 1135 2039 cos

85 2080 154 2159 req.
176 2063 251 2120 Edd.
262 2063 345 2120 Rom.
359 2069 388 2119 et
402 2064 511 2121 Bonon.
526 2064 683 2120 eorumdem
698 2077 732 2118 ea
747 2077 807 2134 req.
839 2061 879 2119 Cf.
893 2064 1027 2134 Polyaen.
1041 2065 1088 2122 111.
1105 2071 1133 2136 4,

86 2132 318 2218 heistetensem
339 2135 675 2226 (τᾶἡρττασμέ)να.).115
697 2147 776 2218 apud
789 2145 894 2217 Mont.)
915 2146 986 2202 Huic
1000 2150 1134 2220 vuigatae

86 2234 164 2289 favet
170 2238 305 2304 ,praeter
319 2249 426 2289 rnorem
441 2233 463 2288 F
466 2231 580 2300 rontrnr
607 2232 756 2287 multorum
776 2232 911 2288 librorum
928 2232 1010 2289 lectio
1031 2231 1133 2291 Menti

86 2319 171 2372 niam.
207 2316 253 2371 Ex
272 2316 335 2372 aiiis
350 2316 451 2373 Oud.
439 2333 469 2372 m
481 2315 628 2373 Mantinia.

173 2399 243 2472 Cap.
258 2398 332 2457 ΧΙΙΙ.
347 2408 372 2459 1.
389 2401 428 2457 ad
437 2401 512 2459 Cam.
534 2402 639 2470 aucit.)
657 2401 699 2456 ita
718 2397 880 2456 emendavi.
909 2401 1000 2472 Vulg.
1017 2400 1058 2457 ed
1080 2401 1134 2458 Ca-

85 2486 189 2542 millum
208 2485 244 2539 ab
264 2485 361 2541 exsilio
375 2485 590 2556 implorandum.
618 2483 677 2542 Sed
691 2483 765 2540 Med.
782 2501 827 2555 pr.
842 2485 882 2540 od
892 2486 1035 2553 sumtum,
1058 2485 1136 2545 Med.

87 2586 146 2626 sec.
159 2569 304 2638 auxilium,
318 2569 396 2628 Leid.
412 2585 472 2624 sec.
487 2570 527 2624 ad
535 2570 652 2625 auxilia.
667 2560 681 2647 Η
697 2571 723 2625 4.
740 2569 769 2623 in
788 2570 853 2626 ium.
869 2572 968 2641 αττ.)
986 2569 1074 2627 Inteii.
1092 2571 1135 2627 ΙΙΙ-

85 2660 163 2711 teras
181 2653 348 2710 iniulserunt
362 2652 488 2725 (‚‚Briese
505 2653 533 2708 in
546 2652 602 2709 deu
617 2654 733 2709 Hiniern
748 2652 900 2724 stopien“).
930 2653 1015 2726 Vulg.
1029 2656 1135 2711 iumen-

86 2744 142 2795 tum
155 2739 185 2792 in
200 2753 242 2794 uo.
251 2754 282 2809 p.
298 2728 312 2816 {i
327 2742 354 2797 6.
370 2738 459 2806 milia)
480 2737 531 2807 ita,
549 2754 605 2793 non
620 2738 736 2809 atilium,
756 2743 800 2792 est
822 2736 851 2792 in
872 2738 998 2794 Petrens.
1029 2737 1137 2794 Pendet

86 2822 193 2879 Aecus.
211 2822 302 2876 abire
324 2824 467 2877 traiectum
482 2822 501 2877 Ι.
517 2838 543 2876 e.
561 2822 699 2877 traiicere.

173 2905 240 2976 Cap.
259 2905 334 2960 XIV.
349 2912 373 2964 1.
394 2904 437 2963 M.
450 2907 559 2962 interim
573 2906 692 2975 Ιττεττὰ)
711 2903 786 2962 Libri
805 2903 918 2976 plurimi
935 2906 1044 2961 interim
1070 2920 1135 2975 rex,

86 2991 123 3046 al.
137 2991 277 3046 interrex.
301 2989 359 3047 Sed
375 2991 500 3045 Patiens.
521 2992 581 3046 eius
595 2995 689 3044 terrae
701 2990 842 3045 interrae:
864 2989 939 3044 unde
954 2991 1062 3047 restitui
1083 2997 1136 3047 tea·

84 3075 160 3144 cerri,
175 3072 328 3129 adiuvante
342 3073 432 3129 Dione
449 3072 527 3132 Cass.
543 3073 638 3131 XLlii.
651 3079 695 3133 32·
717 3063 731 3152 ΙΙ
751 3071 864 3141 tritum)
881 3070 994 3132 Caesar.
1009 3075 1036 3130 b.
1056 3076 1137 3147 Hisp.

85 3165 134 3217 11·
153 3155 186 3226 Q.
202 3155 330 3214 Marcius
341 3157 465 3214 tubanus
479 3159 591 3213 militm
606 3159 653 3230 qui
664 3156 765 3230 fuisset
777 3155 908 3228 Pompeii,
930 3158 969 3215 od
977 3174 1028 3215 noa
1042 3165 1137 3215 trena-

81 3240 174 3315 sugit.
206 3241 348 3298 Munatius
372 3242 455 3314 igitur
471 3241 577 3309 (Dioe.
593 3246 628 3301 31
645 3248 672 3298 et
684 3245 734 3312 32)
750 3242 785 3297 ab
801 3241 848 3296 ilio
868 3241 1010 3300 diversus.
1056 3243 1134 3301 Cete-

85 3342 148 3383 rum
173 3340 232 3381 non
254 3331 315 3382 erat
331 3325 411 3382 miles
432 3325 598 3420 gregarium
627 3342 691 3381 nam
712 3326 763 3381 Dio
783 3327 880 3382 referta
910 3325 1000 3394 Quum
1024 3325 1136 3382 obsessi

86 3409 188 3468 ducem
208 3425 266 3467 non
286 3409 424 3468 haberent
443 3395 675 3487 (ἀστρατήγητοι
693 3391 800 3487 ἦσαν),
825 3410 978 3482 Pompeius
1000 3409 1106 3465 misut'
1100 3408 1143 3461 xis
